{"amount": 0.00075546, "date": 1690929170, "price": 140687.23, "tid": 15366321, "type": "sell"}
{"amount": 0.00211127, "date": 1690929207, "price": 140687.23000001, "tid": 15366322, "type": "buy"}
{"amount": 0.00140751, "date": 1690929284, "price": 140687.23000001, "tid": 15366323, "type": "buy"}
{"amount": 4.357e-05, "date": 1690929307, "price": 140687.24, "tid": 15366324, "type": "buy"}
{"amount": 0.00077427, "date": 1690929341, "price": 140687.23000001, "tid": 15366325, "type": "buy"}
{"amount": 0.00024034, "date": 1690929353, "price": 140687.23000001, "tid": 15366326, "type": "buy"}
{"amount": 0.00921313, "date": 1690929389, "price": 140687.23, "tid": 15366327, "type": "sell"}
{"amount": 0.0001, "date": 1690929520, "price": 140687.23, "tid": 15366328, "type": "sell"}
{"amount": 2.758e-05, "date": 1690929535, "price": 140687.23000001, "tid": 15366329, "type": "buy"}
{"amount": 0.00355398, "date": 1690929680, "price": 140687.23000001, "tid": 15366330, "type": "buy"}
{"amount": 6.96e-06, "date": 1690929708, "price": 140687.23000001, "tid": 15366331, "type": "buy"}
{"amount": 0.00021326, "date": 1690929771, "price": 140687.23, "tid": 15366332, "type": "sell"}
{"amount": 0.00077413, "date": 1690929811, "price": 140687.23000001, "tid": 15366333, "type": "buy"}
{"amount": 0.00034832, "date": 1690929943, "price": 140687.23000001, "tid": 15366334, "type": "buy"}
{"amount": 2.786e-05, "date": 1690929971, "price": 140687.23000001, "tid": 15366335, "type": "buy"}
{"amount": 1.551e-05, "date": 1690929979, "price": 140687.24, "tid": 15366336, "type": "buy"}
{"amount": 1.394e-05, "date": 1690930044, "price": 140687.23, "tid": 15366337, "type": "sell"}
{"amount": 0.00107718, "date": 1690930165, "price": 140687.23, "tid": 15366338, "type": "sell"}
{"amount": 0.01092636, "date": 1690930207, "price": 140687.23000001, "tid": 15366339, "type": "buy"}
{"amount": 0.0070582, "date": 1690930257, "price": 140687.23000001, "tid": 15366340, "type": "buy"}
{"amount": 1.454e-05, "date": 1690930327, "price": 140687.24, "tid": 15366341, "type": "buy"}
{"amount": 0.00035539, "date": 1690930340, "price": 140687.24, "tid": 15366342, "type": "buy"}
{"amount": 0.0070582, "date": 1690930366, "price": 140687.24, "tid": 15366343, "type": "buy"}
{"amount": 0.00165849, "date": 1690930596, "price": 140687.23005, "tid": 15366344, "type": "sell"}
{"amount": 0.00011019, "date": 1690930630, "price": 140687.23999999, "tid": 15366345, "type": "sell"}
{"amount": 0.00010449, "date": 1690930719, "price": 140687.24, "tid": 15366346, "type": "buy"}
{"amount": 0.0009971, "date": 1690930742, "price": 140687.23105999, "tid": 15366347, "type": "sell"}
{"amount": 0.02117462, "date": 1690930760, "price": 140687.24, "tid": 15366348, "type": "buy"}
{"amount": 0.00016392, "date": 1690930763, "price": 140687.24, "tid": 15366349, "type": "buy"}
{"amount": 6.205e-05, "date": 1690930804, "price": 140687.24, "tid": 15366350, "type": "buy"}
{"amount": 0.00045685, "date": 1690930862, "price": 140687.23999999, "tid": 15366351, "type": "sell"}
{"amount": 0.00108575, "date": 1690930929, "price": 140695.50999999, "tid": 15366352, "type": "sell"}
{"amount": 2.171e-05, "date": 1690930931, "price": 140695.51, "tid": 15366353, "type": "buy"}
{"amount": 0.00389977, "date": 1690931001, "price": 140700.42761869, "tid": 15366354, "type": "sell"}
{"amount": 0.00923782, "date": 1690931093, "price": 140725.84, "tid": 15366355, "type": "buy"}
{"amount": 6.978e-05, "date": 1690931114, "price": 140725.84, "tid": 15366356, "type": "buy"}
{"amount": 8.82e-06, "date": 1690931115, "price": 140725.84, "tid": 15366357, "type": "buy"}
{"amount": 6.89e-06, "date": 1690931120, "price": 140725.84, "tid": 15366358, "type": "buy"}
{"amount": 0.00014859, "date": 1690931190, "price": 140756.53, "tid": 15366359, "type": "buy"}
{"amount": 0.0004393, "date": 1690931218, "price": 140756.53, "tid": 15366360, "type": "buy"}
{"amount": 0.00062761, "date": 1690931242, "price": 140756.52999998, "tid": 15366361, "type": "sell"}
{"amount": 1.378e-05, "date": 1690931264, "price": 140756.53, "tid": 15366362, "type": "buy"}
{"amount": 7.1e-06, "date": 1690931266, "price": 140756.53, "tid": 15366363, "type": "buy"}
{"amount": 0.24939123, "date": 1690931332, "price": 140756.53, "tid": 15366364, "type": "buy"}
{"amount": 0.0161, "date": 1690931332, "price": 140813.84482966, "tid": 15366365, "type": "buy"}
{"amount": 0.12599, "date": 1690931332, "price": 140966.74027029, "tid": 15366366, "type": "buy"}
{"amount": 0.02505805, "date": 1690931332, "price": 140756.53614256, "tid": 15366367, "type": "sell"}
{"amount": 0.0082, "date": 1690931333, "price": 140849.09693396, "tid": 15366368, "type": "buy"}
{"amount": 0.006, "date": 1690931337, "price": 140818.97439078, "tid": 15366369, "type": "buy"}
{"amount": 0.012, "date": 1690931337, "price": 140847.86163852, "tid": 15366370, "type": "buy"}
{"amount": 0.15961, "date": 1690931337, "price": 140978.9, "tid": 15366371, "type": "buy"}
{"amount": 0.09039, "date": 1690931340, "price": 140978.9, "tid": 15366372, "type": "buy"}
{"amount": 0.08220737, "date": 1690931340, "price": 141313.8190445, "tid": 15366373, "type": "buy"}
{"amount": 0.00070199, "date": 1690931340, "price": 141039.99, "tid": 15366374, "type": "buy"}
{"amount": 0.12789401, "date": 1690931344, "price": 141176.96161966, "tid": 15366375, "type": "buy"}
{"amount": 0.12209599, "date": 1690931344, "price": 141179.07, "tid": 15366376, "type": "buy"}
{"amount": 0.0672171, "date": 1690931344, "price": 141039.99, "tid": 15366377, "type": "buy"}
{"amount": 0.07014208, "date": 1690931346, "price": 141179.07, "tid": 15366378, "type": "buy"}
{"amount": 0.0052, "date": 1690931419, "price": 141174.36311095, "tid": 15366379, "type": "buy"}
{"amount": 0.0056, "date": 1690931423, "price": 141177.57718752, "tid": 15366380, "type": "buy"}
{"amount": 0.00038072, "date": 1690931435, "price": 141145.26166236, "tid": 15366381, "type": "sell"}
{"amount": 0.00942197, "date": 1690931466, "price": 141145.26166235, "tid": 15366382, "type": "sell"}
{"amount": 0.005, "date": 1690931473, "price": 141145.27, "tid": 15366383, "type": "buy"}
{"amount": 4.349e-05, "date": 1690931597, "price": 141158.92, "tid": 15366384, "type": "buy"}
{"amount": 0.00021244, "date": 1690931627, "price": 141231.15999999, "tid": 15366385, "type": "sell"}
{"amount": 1.111e-05, "date": 1690931654, "price": 141231.15999999, "tid": 15366386, "type": "sell"}
{"amount": 1.111e-05, "date": 1690931690, "price": 141315.88999999, "tid": 15366387, "type": "sell"}
{"amount": 0.00029514, "date": 1690931708, "price": 141304.80359124, "tid": 15366388, "type": "sell"}
{"amount": 6.951e-05, "date": 1690931723, "price": 141315.89, "tid": 15366389, "type": "buy"}
{"amount": 0.00276061, "date": 1690931723, "price": 141336.86, "tid": 15366390, "type": "buy"}
{"amount": 0.00022543, "date": 1690931776, "price": 141249.99999999, "tid": 15366391, "type": "sell"}
{"amount": 1.111e-05, "date": 1690931781, "price": 141250, "tid": 15366392, "type": "buy"}
{"amount": 0.00740646, "date": 1690931781, "price": 141260.97, "tid": 15366393, "type": "buy"}
{"amount": 1.111e-05, "date": 1690931808, "price": 141260.96999999, "tid": 15366394, "type": "sell"}
{"amount": 1.111e-05, "date": 1690931883, "price": 141225.39457736, "tid": 15366395, "type": "sell"}
{"amount": 1.111e-05, "date": 1690931902, "price": 141222.86783425, "tid": 15366396, "type": "sell"}
{"amount": 1.111e-05, "date": 1690931911, "price": 141226.12161382, "tid": 15366397, "type": "sell"}
{"amount": 1.111e-05, "date": 1690931922, "price": 141227.15999999, "tid": 15366398, "type": "sell"}
{"amount": 1.111e-05, "date": 1690931940, "price": 141227.15999999, "tid": 15366399, "type": "sell"}
{"amount": 0.00857778, "date": 1690931941, "price": 141227.15999999, "tid": 15366400, "type": "sell"}
{"amount": 0.00173528, "date": 1690932007, "price": 141227.17, "tid": 15366401, "type": "buy"}
{"amount": 1.111e-05, "date": 1690932012, "price": 141227.16999999, "tid": 15366402, "type": "sell"}
{"amount": 0.00385587, "date": 1690932012, "price": 141227.17, "tid": 15366403, "type": "buy"}
{"amount": 0.00036834, "date": 1690932020, "price": 141209.70999196, "tid": 15366404, "type": "sell"}
{"amount": 0.00012393, "date": 1690932036, "price": 141201.19995, "tid": 15366405, "type": "buy"}
{"amount": 1.111e-05, "date": 1690932052, "price": 141201.19999999, "tid": 15366406, "type": "sell"}
{"amount": 1.111e-05, "date": 1690932064, "price": 141201.19999999, "tid": 15366407, "type": "sell"}
{"amount": 1.416e-05, "date": 1690932068, "price": 141201.2, "tid": 15366408, "type": "buy"}
{"amount": 1.111e-05, "date": 1690932074, "price": 141201.19999999, "tid": 15366409, "type": "sell"}
{"amount": 2.754e-05, "date": 1690932088, "price": 141201.19999999, "tid": 15366410, "type": "sell"}
{"amount": 1.367e-05, "date": 1690932089, "price": 141201.2, "tid": 15366411, "type": "buy"}
{"amount": 1.111e-05, "date": 1690932100, "price": 141220, "tid": 15366412, "type": "buy"}
{"amount": 0.25, "date": 1690932106, "price": 141221.92, "tid": 15366413, "type": "buy"}
{"amount": 0.008, "date": 1690932107, "price": 141253.27154778, "tid": 15366414, "type": "sell"}
{"amount": 0.19597898, "date": 1690932107, "price": 141221.92697617, "tid": 15366415, "type": "sell"}
{"amount": 0.01841073, "date": 1690932151, "price": 141221.93, "tid": 15366416, "type": "buy"}
{"amount": 0.00071594, "date": 1690932162, "price": 141221.93999999, "tid": 15366417, "type": "sell"}
{"amount": 0.0003535, "date": 1690932260, "price": 141440, "tid": 15366418, "type": "buy"}
{"amount": 0.0216465, "date": 1690932260, "price": 141440, "tid": 15366419, "type": "buy"}
{"amount": 0.01, "date": 1690932269, "price": 141492.4, "tid": 15366420, "type": "buy"}
{"amount": 0.02, "date": 1690932285, "price": 141500, "tid": 15366421, "type": "buy"}
{"amount": 0.0057, "date": 1690932350, "price": 141531.48631285, "tid": 15366422, "type": "buy"}
{"amount": 0.03857217, "date": 1690932352, "price": 141537.64394964, "tid": 15366423, "type": "sell"}
{"amount": 0.00139906, "date": 1690932382, "price": 141537.64394965, "tid": 15366424, "type": "buy"}
{"amount": 0.00540038, "date": 1690932393, "price": 141537.64394965, "tid": 15366425, "type": "buy"}
{"amount": 6.85e-06, "date": 1690932419, "price": 141556.31, "tid": 15366426, "type": "buy"}
{"amount": 0.00706432, "date": 1690932485, "price": 141556.31, "tid": 15366427, "type": "buy"}
{"amount": 0.00209681, "date": 1690932562, "price": 141657.53, "tid": 15366428, "type": "buy"}
{"amount": 0.00034593, "date": 1690932578, "price": 141657.53, "tid": 15366429, "type": "buy"}
{"amount": 0.008, "date": 1690932613, "price": 141575.84999999, "tid": 15366430, "type": "sell"}
{"amount": 0.0159, "date": 1690932613, "price": 141575.84999999, "tid": 15366431, "type": "sell"}
{"amount": 0.0756082, "date": 1690932613, "price": 141563.50964703, "tid": 15366432, "type": "sell"}
{"amount": 9.459e-05, "date": 1690932671, "price": 141568.69969381, "tid": 15366433, "type": "sell"}
{"amount": 0.00352662, "date": 1690932684, "price": 141509.53803136, "tid": 15366434, "type": "sell"}
{"amount": 6.84e-06, "date": 1690932724, "price": 141638.99, "tid": 15366435, "type": "buy"}
{"amount": 0.0064, "date": 1690932739, "price": 141618.49491523, "tid": 15366436, "type": "buy"}
{"amount": 6.84e-06, "date": 1690932760, "price": 141638.98999001, "tid": 15366437, "type": "buy"}
{"amount": 0.0006991, "date": 1690932762, "price": 141638.98999001, "tid": 15366438, "type": "buy"}
{"amount": 0.00539406, "date": 1690932774, "price": 141638.98999001, "tid": 15366439, "type": "buy"}
{"amount": 0.0118, "date": 1690932774, "price": 141638.98999999, "tid": 15366440, "type": "buy"}
{"amount": 0.0175547, "date": 1690932774, "price": 141638.99, "tid": 15366441, "type": "buy"}
{"amount": 0.00013837, "date": 1690932803, "price": 141654.81, "tid": 15366442, "type": "buy"}
{"amount": 0.0049, "date": 1690932804, "price": 141609.36540001, "tid": 15366443, "type": "buy"}
{"amount": 0.0035297, "date": 1690932836, "price": 141654.81, "tid": 15366444, "type": "buy"}
{"amount": 0.00035317, "date": 1690932838, "price": 141609.44428811, "tid": 15366445, "type": "sell"}
{"amount": 6.162e-05, "date": 1690932871, "price": 141654.81, "tid": 15366446, "type": "buy"}
{"amount": 6.162e-05, "date": 1690932896, "price": 141654.81, "tid": 15366447, "type": "buy"}
{"amount": 0.00036535, "date": 1690932899, "price": 141613.71214307, "tid": 15366448, "type": "sell"}
{"amount": 0.0053, "date": 1690932948, "price": 141589.44815119, "tid": 15366449, "type": "buy"}
{"amount": 0.0096, "date": 1690932951, "price": 141609.70607322, "tid": 15366450, "type": "buy"}
{"amount": 0.00152, "date": 1690932979, "price": 141654.80999, "tid": 15366451, "type": "sell"}
{"amount": 0.09240602, "date": 1690933054, "price": 141689.88, "tid": 15366452, "type": "buy"}
{"amount": 0.10759398, "date": 1690933054, "price": 141689.88, "tid": 15366453, "type": "buy"}
{"amount": 0.0001, "date": 1690933054, "price": 141689.9, "tid": 15366454, "type": "buy"}
{"amount": 0.00035892, "date": 1690933054, "price": 141700, "tid": 15366455, "type": "buy"}
{"amount": 0.25, "date": 1690933054, "price": 141727.95, "tid": 15366456, "type": "buy"}
{"amount": 0.001, "date": 1690933054, "price": 141729.999999, "tid": 15366457, "type": "buy"}
{"amount": 0.001, "date": 1690933054, "price": 141739.399999, "tid": 15366458, "type": "buy"}
{"amount": 0.01157185, "date": 1690933054, "price": 141800, "tid": 15366459, "type": "buy"}
{"amount": 0.0238, "date": 1690933054, "price": 141838.89452047, "tid": 15366460, "type": "buy"}
{"amount": 0.12387513, "date": 1690933054, "price": 141838.89452048, "tid": 15366461, "type": "buy"}
{"amount": 0.08879362, "date": 1690933054, "price": 141840.97, "tid": 15366462, "type": "buy"}
{"amount": 0.0078, "date": 1690933134, "price": 141742.61999999, "tid": 15366463, "type": "sell"}
{"amount": 0.01554997, "date": 1690933134, "price": 141702.95055035, "tid": 15366464, "type": "sell"}
{"amount": 0.14917001, "date": 1690933136, "price": 141702.95423609, "tid": 15366465, "type": "sell"}
{"amount": 0.0078, "date": 1690933137, "price": 141737.04790768, "tid": 15366466, "type": "sell"}
{"amount": 0.017, "date": 1690933137, "price": 141708.00211313, "tid": 15366467, "type": "sell"}
{"amount": 0.03671704, "date": 1690933137, "price": 141702.95423609, "tid": 15366468, "type": "sell"}
{"amount": 0.01772296, "date": 1690933137, "price": 141702.59682866, "tid": 15366469, "type": "sell"}
{"amount": 0.06244, "date": 1690933139, "price": 141560.92, "tid": 15366470, "type": "buy"}
{"amount": 0.008, "date": 1690933147, "price": 141584.74347871, "tid": 15366471, "type": "sell"}
{"amount": 0.0336, "date": 1690933147, "price": 141584.7434787, "tid": 15366472, "type": "sell"}
{"amount": 0.00137983, "date": 1690933157, "price": 141588.86605613, "tid": 15366473, "type": "sell"}
{"amount": 0.03482142, "date": 1690933167, "price": 141662.48, "tid": 15366474, "type": "buy"}
{"amount": 8.303e-05, "date": 1690933232, "price": 141641.71, "tid": 15366475, "type": "buy"}
{"amount": 0.01347667, "date": 1690933236, "price": 141641.71, "tid": 15366476, "type": "buy"}
{"amount": 0.0118, "date": 1690933565, "price": 141764.39499058, "tid": 15366477, "type": "buy"}
{"amount": 0.0061, "date": 1690933565, "price": 141764.39499058, "tid": 15366478, "type": "buy"}
{"amount": 0.00035273, "date": 1690933573, "price": 141764.41006801, "tid": 15366479, "type": "sell"}
{"amount": 0.00810741, "date": 1690933581, "price": 141742.77896426, "tid": 15366480, "type": "sell"}
{"amount": 0.235, "date": 1690933591, "price": 141728.72, "tid": 15366481, "type": "buy"}
{"amount": 0.228, "date": 1690933592, "price": 141717.23, "tid": 15366482, "type": "buy"}
{"amount": 0.00352815, "date": 1690933612, "price": 141717.23, "tid": 15366483, "type": "buy"}
{"amount": 0.00141126, "date": 1690933647, "price": 141717.23, "tid": 15366484, "type": "buy"}
{"amount": 0.01046, "date": 1690933670, "price": 141666.73089401, "tid": 15366485, "type": "sell"}
{"amount": 8.82e-05, "date": 1690933681, "price": 141715.51112208, "tid": 15366486, "type": "buy"}
{"amount": 6.84e-06, "date": 1690933707, "price": 141714.69132125, "tid": 15366487, "type": "buy"}
{"amount": 2.185e-05, "date": 1690933770, "price": 141717.22999999, "tid": 15366488, "type": "sell"}
{"amount": 0.001, "date": 1690933873, "price": 141927.509999, "tid": 15366489, "type": "buy"}
{"amount": 0.01, "date": 1690933878, "price": 141955.77, "tid": 15366490, "type": "buy"}
{"amount": 0.01, "date": 1690933879, "price": 141971.39, "tid": 15366491, "type": "buy"}
{"amount": 0.00073599, "date": 1690933879, "price": 142000, "tid": 15366492, "type": "buy"}
{"amount": 0.0071456, "date": 1690933879, "price": 142000, "tid": 15366493, "type": "buy"}
{"amount": 0.00011731, "date": 1690933879, "price": 142000, "tid": 15366494, "type": "buy"}
{"amount": 6.675e-05, "date": 1690933879, "price": 142000, "tid": 15366495, "type": "buy"}
{"amount": 0.02263523, "date": 1690933879, "price": 142000, "tid": 15366496, "type": "buy"}
{"amount": 0.07952033, "date": 1690933881, "price": 142000, "tid": 15366497, "type": "buy"}
{"amount": 0.12234976, "date": 1690933883, "price": 142000, "tid": 15366498, "type": "buy"}
{"amount": 0.17627, "date": 1690933887, "price": 142000, "tid": 15366499, "type": "buy"}
{"amount": 0.13650116, "date": 1690933889, "price": 142000, "tid": 15366500, "type": "buy"}
{"amount": 0.00106825, "date": 1690933891, "price": 142000, "tid": 15366501, "type": "buy"}
{"amount": 0.18234709, "date": 1690933892, "price": 142000, "tid": 15366502, "type": "buy"}
{"amount": 0.001, "date": 1690933909, "price": 142001.9999, "tid": 15366503, "type": "buy"}
{"amount": 0.129, "date": 1690933909, "price": 142025, "tid": 15366504, "type": "buy"}
{"amount": 0.001, "date": 1690933925, "price": 142025, "tid": 15366505, "type": "buy"}
{"amount": 0.0055, "date": 1690933944, "price": 142050.60153868, "tid": 15366506, "type": "buy"}
{"amount": 0.0107, "date": 1690933944, "price": 142050.60153868, "tid": 15366507, "type": "buy"}
{"amount": 0.0241, "date": 1690933944, "price": 142050.60153868, "tid": 15366508, "type": "buy"}
{"amount": 0.0006965, "date": 1690934081, "price": 142152, "tid": 15366509, "type": "buy"}
{"amount": 0.0893035, "date": 1690934090, "price": 142152, "tid": 15366510, "type": "buy"}
{"amount": 0.00101431, "date": 1690934091, "price": 142200, "tid": 15366511, "type": "buy"}
{"amount": 0.00093981, "date": 1690934092, "price": 142210.82, "tid": 15366512, "type": "buy"}
{"amount": 0.001, "date": 1690934094, "price": 142251.9999, "tid": 15366513, "type": "buy"}
{"amount": 0.00094034, "date": 1690934096, "price": 142300, "tid": 15366514, "type": "buy"}
{"amount": 0.00100167, "date": 1690934097, "price": 142300, "tid": 15366515, "type": "buy"}
{"amount": 0.00697821, "date": 1690934108, "price": 142300, "tid": 15366516, "type": "buy"}
{"amount": 0.05984025, "date": 1690934117, "price": 142300, "tid": 15366517, "type": "buy"}
{"amount": 0.02515975, "date": 1690934117, "price": 142300, "tid": 15366518, "type": "buy"}
{"amount": 0.00028934, "date": 1690934117, "price": 142300, "tid": 15366519, "type": "buy"}
{"amount": 0.0002, "date": 1690934118, "price": 142489.45, "tid": 15366520, "type": "buy"}
{"amount": 0.01, "date": 1690934119, "price": 142492.4, "tid": 15366521, "type": "buy"}
{"amount": 0.01, "date": 1690934119, "price": 142492.4, "tid": 15366522, "type": "buy"}
{"amount": 0.01548794, "date": 1690934120, "price": 142500, "tid": 15366523, "type": "buy"}
{"amount": 0.001, "date": 1690934121, "price": 142501.9999, "tid": 15366524, "type": "buy"}
{"amount": 0.0155, "date": 1690934126, "price": 142690.71115655, "tid": 15366525, "type": "sell"}
{"amount": 0.07373653, "date": 1690934126, "price": 142675.6386682, "tid": 15366526, "type": "sell"}
{"amount": 0.00675952, "date": 1690934143, "price": 142703.75751277, "tid": 15366527, "type": "sell"}
{"amount": 0.00035015, "date": 1690934149, "price": 142751.9999, "tid": 15366528, "type": "buy"}
{"amount": 0.00134001, "date": 1690934150, "price": 142713.13656679, "tid": 15366529, "type": "sell"}
{"amount": 0.00705999, "date": 1690934152, "price": 142658.36292317, "tid": 15366530, "type": "sell"}
{"amount": 0.00230998, "date": 1690934152, "price": 142482.5299215, "tid": 15366531, "type": "sell"}
{"amount": 0.00052675, "date": 1690934199, "price": 142624.05740848, "tid": 15366532, "type": "sell"}
{"amount": 6.868e-05, "date": 1690934199, "price": 142688.87396136, "tid": 15366533, "type": "buy"}
{"amount": 0.00524027, "date": 1690934255, "price": 142712.54999999, "tid": 15366534, "type": "sell"}
{"amount": 0.25, "date": 1690934288, "price": 142712.55, "tid": 15366535, "type": "buy"}
{"amount": 0.00064985, "date": 1690934288, "price": 142751.9999, "tid": 15366536, "type": "buy"}
{"amount": 0.00021406, "date": 1690934288, "price": 142900, "tid": 15366537, "type": "buy"}
{"amount": 0.08706548, "date": 1690934288, "price": 142913.03662458, "tid": 15366538, "type": "buy"}
{"amount": 0.08706548, "date": 1690934288, "price": 142913.33321019, "tid": 15366539, "type": "buy"}
{"amount": 0.00285998, "date": 1690934288, "price": 142971.38, "tid": 15366540, "type": "buy"}
{"amount": 0.01, "date": 1690934288, "price": 142971.39, "tid": 15366541, "type": "buy"}
{"amount": 0.0001, "date": 1690934288, "price": 142999.99, "tid": 15366542, "type": "buy"}
{"amount": 0.00071354, "date": 1690934288, "price": 143000, "tid": 15366543, "type": "buy"}
{"amount": 0.00852854, "date": 1690934288, "price": 143000, "tid": 15366544, "type": "buy"}
{"amount": 0.00080002, "date": 1690934288, "price": 143000, "tid": 15366545, "type": "buy"}
{"amount": 0.001, "date": 1690934288, "price": 143001.9999, "tid": 15366546, "type": "buy"}
{"amount": 0.00838448, "date": 1690934288, "price": 143012.54, "tid": 15366547, "type": "buy"}
{"amount": 0.02874999, "date": 1690934288, "price": 143039.99, "tid": 15366548, "type": "buy"}
{"amount": 0.19714, "date": 1690934288, "price": 143039.99, "tid": 15366549, "type": "buy"}
{"amount": 0.18356911, "date": 1690934288, "price": 143110, "tid": 15366550, "type": "buy"}
{"amount": 4.076e-05, "date": 1690934316, "price": 142790.03, "tid": 15366551, "type": "buy"}
{"amount": 0.00118341, "date": 1690934337, "price": 142790.03, "tid": 15366552, "type": "buy"}
{"amount": 0.00213235, "date": 1690934378, "price": 142790.03, "tid": 15366553, "type": "buy"}
{"amount": 0.000343, "date": 1690934408, "price": 142868.39, "tid": 15366554, "type": "buy"}
{"amount": 0.00103952, "date": 1690934418, "price": 142868.39, "tid": 15366555, "type": "buy"}
{"amount": 0.00131, "date": 1690934453, "price": 143113.28999999, "tid": 15366556, "type": "sell"}
{"amount": 4.696e-05, "date": 1690934478, "price": 142906.83401694, "tid": 15366557, "type": "sell"}
{"amount": 0.00034174, "date": 1690934479, "price": 142972.83447162, "tid": 15366558, "type": "sell"}
{"amount": 0.00069264, "date": 1690934514, "price": 142943.84, "tid": 15366559, "type": "buy"}
{"amount": 0.00369, "date": 1690934517, "price": 142934.03726386, "tid": 15366560, "type": "sell"}
{"amount": 1.056e-05, "date": 1690934523, "price": 142943.84, "tid": 15366561, "type": "buy"}
{"amount": 0.00063717, "date": 1690934545, "price": 142943.84, "tid": 15366562, "type": "buy"}
{"amount": 0.00209963, "date": 1690934589, "price": 142943.84, "tid": 15366563, "type": "buy"}
{"amount": 0.00057033, "date": 1690934594, "price": 142947.09477287, "tid": 15366564, "type": "sell"}
{"amount": 0.00207202, "date": 1690934654, "price": 142901.57037218, "tid": 15366565, "type": "buy"}
{"amount": 0.05217247, "date": 1690934750, "price": 143223.98, "tid": 15366566, "type": "buy"}
{"amount": 0.0044, "date": 1690934811, "price": 143220.73044021, "tid": 15366567, "type": "buy"}
{"amount": 0.0106, "date": 1690934811, "price": 143220.73044021, "tid": 15366568, "type": "buy"}
{"amount": 0.0075, "date": 1690934832, "price": 143251.99989999, "tid": 15366569, "type": "sell"}
{"amount": 0.0146, "date": 1690934832, "price": 143251.99989999, "tid": 15366570, "type": "sell"}
{"amount": 0.00063271, "date": 1690934861, "price": 143242.03999999, "tid": 15366571, "type": "sell"}
{"amount": 0.00208635, "date": 1690934871, "price": 143251.99989999, "tid": 15366572, "type": "sell"}
{"amount": 0.00611365, "date": 1690934885, "price": 143251.99989999, "tid": 15366573, "type": "sell"}
{"amount": 0.0389, "date": 1690934885, "price": 143251.99989999, "tid": 15366574, "type": "sell"}
{"amount": 0.0152, "date": 1690934885, "price": 143251.99989999, "tid": 15366575, "type": "sell"}
{"amount": 0.02363635, "date": 1690934885, "price": 143212.03669154, "tid": 15366576, "type": "sell"}
{"amount": 0.00063391, "date": 1690934895, "price": 143251.99989999, "tid": 15366577, "type": "buy"}
{"amount": 0.0071, "date": 1690934953, "price": 143234.24234465, "tid": 15366578, "type": "buy"}
{"amount": 0.014, "date": 1690934953, "price": 143234.24234465, "tid": 15366579, "type": "buy"}
{"amount": 0.0408, "date": 1690934953, "price": 143234.24234465, "tid": 15366580, "type": "buy"}
{"amount": 0.0104, "date": 1690934955, "price": 143234.66623114, "tid": 15366581, "type": "buy"}
{"amount": 0.0052, "date": 1690934955, "price": 143234.66623114, "tid": 15366582, "type": "buy"}
{"amount": 0.10931, "date": 1690934981, "price": 143086.72110598, "tid": 15366583, "type": "sell"}
{"amount": 0.00341648, "date": 1690935013, "price": 143245.84999999, "tid": 15366584, "type": "sell"}
{"amount": 1.382e-05, "date": 1690935028, "price": 143251.98999999, "tid": 15366585, "type": "sell"}
{"amount": 3.448e-05, "date": 1690935044, "price": 143251.98999999, "tid": 15366586, "type": "sell"}
{"amount": 0.0018893, "date": 1690935105, "price": 143144.98982554, "tid": 15366587, "type": "sell"}
{"amount": 0.02318405, "date": 1690935211, "price": 143056.1, "tid": 15366588, "type": "buy"}
{"amount": 0.00174756, "date": 1690935229, "price": 143056.11, "tid": 15366589, "type": "buy"}
{"amount": 0.00062937, "date": 1690935235, "price": 143016.64989826, "tid": 15366590, "type": "sell"}
{"amount": 0.0006921, "date": 1690935244, "price": 143056.11, "tid": 15366591, "type": "buy"}
{"amount": 0.0013981, "date": 1690935260, "price": 143018.93700174, "tid": 15366592, "type": "sell"}
{"amount": 0.00349513, "date": 1690935291, "price": 143056.11, "tid": 15366593, "type": "buy"}
{"amount": 0.00031525, "date": 1690935312, "price": 143010.65, "tid": 15366594, "type": "buy"}
{"amount": 1.087e-05, "date": 1690935350, "price": 143010.64999999, "tid": 15366595, "type": "sell"}
{"amount": 0.00030858, "date": 1690935366, "price": 142942.54108007, "tid": 15366596, "type": "sell"}
{"amount": 0.0003846, "date": 1690935373, "price": 143009.95391762, "tid": 15366597, "type": "sell"}
{"amount": 0.00174774, "date": 1690935380, "price": 143041.44, "tid": 15366598, "type": "buy"}
{"amount": 0.0081, "date": 1690935403, "price": 142986.65851333, "tid": 15366599, "type": "sell"}
{"amount": 0.0271, "date": 1690935403, "price": 142976.53990268, "tid": 15366600, "type": "sell"}
{"amount": 0.05026708, "date": 1690935404, "price": 142976.53990268, "tid": 15366601, "type": "sell"}
{"amount": 4.065e-05, "date": 1690935414, "price": 143016.27, "tid": 15366602, "type": "buy"}
{"amount": 0.00141379, "date": 1690935504, "price": 142922.29999999, "tid": 15366603, "type": "sell"}
{"amount": 0.00062948, "date": 1690935546, "price": 142922.29999999, "tid": 15366604, "type": "sell"}
{"amount": 0.00185023, "date": 1690935586, "price": 142922.3, "tid": 15366605, "type": "buy"}
{"amount": 0.00069275, "date": 1690935591, "price": 142922.3, "tid": 15366606, "type": "buy"}
{"amount": 0.00029151, "date": 1690935593, "price": 142922.29999999, "tid": 15366607, "type": "sell"}
{"amount": 0.001528, "date": 1690935613, "price": 142922.29999999, "tid": 15366608, "type": "sell"}
{"amount": 0.00104952, "date": 1690935639, "price": 142922.3, "tid": 15366609, "type": "buy"}
{"amount": 0.00017582, "date": 1690935711, "price": 142922.3, "tid": 15366610, "type": "buy"}
{"amount": 7.46e-06, "date": 1690935843, "price": 143001.68, "tid": 15366611, "type": "buy"}
{"amount": 3.29e-05, "date": 1690935845, "price": 143001.67999999, "tid": 15366612, "type": "sell"}
{"amount": 0.0098, "date": 1690935868, "price": 142953.49788751, "tid": 15366613, "type": "buy"}
{"amount": 0.0255, "date": 1690935868, "price": 142953.49788751, "tid": 15366614, "type": "buy"}
{"amount": 3.265e-05, "date": 1690935883, "price": 143001.68, "tid": 15366615, "type": "buy"}
{"amount": 0.00017482, "date": 1690935922, "price": 143001.68, "tid": 15366616, "type": "buy"}
{"amount": 3.243e-05, "date": 1690935971, "price": 143077.62999999, "tid": 15366617, "type": "sell"}
{"amount": 3.22e-05, "date": 1690935983, "price": 143149.23, "tid": 15366618, "type": "buy"}
{"amount": 5.291e-05, "date": 1690936001, "price": 143251.99, "tid": 15366619, "type": "buy"}
{"amount": 1.124e-05, "date": 1690936006, "price": 143251.99, "tid": 15366620, "type": "buy"}
{"amount": 7.706e-05, "date": 1690936015, "price": 143251.99, "tid": 15366621, "type": "buy"}
{"amount": 3.145e-05, "date": 1690936015, "price": 143251.99, "tid": 15366622, "type": "buy"}
{"amount": 0.00062135, "date": 1690936022, "price": 143251.98999999, "tid": 15366623, "type": "sell"}
{"amount": 0.00471646, "date": 1690936042, "price": 143251.98999999, "tid": 15366624, "type": "sell"}
{"amount": 3.335e-05, "date": 1690936070, "price": 143251.98999999, "tid": 15366625, "type": "sell"}
{"amount": 0.00902343, "date": 1690936129, "price": 143251.99, "tid": 15366626, "type": "buy"}
{"amount": 0.00041364, "date": 1690936129, "price": 143251.9999, "tid": 15366627, "type": "buy"}
{"amount": 4.873e-05, "date": 1690936154, "price": 143278.32999999, "tid": 15366628, "type": "sell"}
{"amount": 0.00027921, "date": 1690936169, "price": 143278.32999999, "tid": 15366629, "type": "sell"}
{"amount": 0.00199825, "date": 1690936174, "price": 143278.33, "tid": 15366630, "type": "buy"}
{"amount": 1.354e-05, "date": 1690936184, "price": 143278.33, "tid": 15366631, "type": "buy"}
{"amount": 6.9e-06, "date": 1690936188, "price": 143278.33, "tid": 15366632, "type": "buy"}
{"amount": 6.046e-05, "date": 1690936231, "price": 143278.33, "tid": 15366633, "type": "buy"}
{"amount": 3.198e-05, "date": 1690936278, "price": 143236.77814983, "tid": 15366634, "type": "sell"}
{"amount": 3.175e-05, "date": 1690936298, "price": 143278.33, "tid": 15366635, "type": "buy"}
{"amount": 1.225e-05, "date": 1690936392, "price": 143278.33, "tid": 15366636, "type": "buy"}
{"amount": 6.961e-05, "date": 1690936429, "price": 143201.22112972, "tid": 15366637, "type": "sell"}
{"amount": 7.31e-06, "date": 1690936439, "price": 143218.93, "tid": 15366638, "type": "buy"}
{"amount": 0.00023951, "date": 1690936483, "price": 143218.93, "tid": 15366639, "type": "buy"}
{"amount": 0.00109228, "date": 1690936514, "price": 143218.93, "tid": 15366640, "type": "buy"}
{"amount": 0.00352, "date": 1690936519, "price": 143218.92999999, "tid": 15366641, "type": "sell"}
{"amount": 6.023e-05, "date": 1690936641, "price": 143175.46896253, "tid": 15366642, "type": "sell"}
{"amount": 6.026e-05, "date": 1690936644, "price": 143164.44083808, "tid": 15366643, "type": "sell"}
{"amount": 2.074e-05, "date": 1690936709, "price": 143218.92999999, "tid": 15366644, "type": "sell"}
{"amount": 0.00071897, "date": 1690936744, "price": 143218.93, "tid": 15366645, "type": "buy"}
{"amount": 0.00727926, "date": 1690936799, "price": 143218.92999999, "tid": 15366646, "type": "sell"}
{"amount": 0.00215074, "date": 1690936799, "price": 143218.92999999, "tid": 15366647, "type": "sell"}
{"amount": 0.0074, "date": 1690936883, "price": 143116.92999999, "tid": 15366648, "type": "sell"}
{"amount": 0.0158, "date": 1690936883, "price": 143116.92999999, "tid": 15366649, "type": "sell"}
{"amount": 0.0376, "date": 1690936883, "price": 143081.19880077, "tid": 15366650, "type": "sell"}
{"amount": 0.19785184, "date": 1690936883, "price": 143081.10896132, "tid": 15366651, "type": "sell"}
{"amount": 0.05301764, "date": 1690936883, "price": 143081.03381278, "tid": 15366652, "type": "sell"}
{"amount": 0.00178254, "date": 1690937073, "price": 143042.94, "tid": 15366653, "type": "buy"}
{"amount": 0.00079, "date": 1690937087, "price": 143042.93999999, "tid": 15366654, "type": "sell"}
{"amount": 0.13982, "date": 1690937143, "price": 143042.94, "tid": 15366655, "type": "buy"}
{"amount": 0.00345949, "date": 1690937188, "price": 143098.88, "tid": 15366656, "type": "buy"}
{"amount": 0.0081, "date": 1690937261, "price": 143048.63408197, "tid": 15366657, "type": "buy"}
{"amount": 0.0068, "date": 1690937263, "price": 143048.99521165, "tid": 15366658, "type": "buy"}
{"amount": 0.00189151, "date": 1690937277, "price": 142963.08615155, "tid": 15366659, "type": "sell"}
{"amount": 0.0064, "date": 1690937278, "price": 143050.4437534, "tid": 15366660, "type": "buy"}
{"amount": 0.0072, "date": 1690937283, "price": 143050.37007075, "tid": 15366661, "type": "buy"}
{"amount": 3.153e-05, "date": 1690937294, "price": 143049.79019197, "tid": 15366662, "type": "sell"}
{"amount": 3.131e-05, "date": 1690937309, "price": 143051.08, "tid": 15366663, "type": "buy"}
{"amount": 0.0083, "date": 1690937315, "price": 143005.00059678, "tid": 15366664, "type": "sell"}
{"amount": 0.00673125, "date": 1690937315, "price": 142978.07332596, "tid": 15366665, "type": "sell"}
{"amount": 0.00040293, "date": 1690937353, "price": 143051.08, "tid": 15366666, "type": "buy"}
{"amount": 0.0082, "date": 1690937446, "price": 143124.27999999, "tid": 15366667, "type": "sell"}
{"amount": 0.00624485, "date": 1690937446, "price": 143124.27999999, "tid": 15366668, "type": "sell"}
{"amount": 2.709e-05, "date": 1690937519, "price": 143196.86, "tid": 15366669, "type": "buy"}
{"amount": 0.02, "date": 1690937539, "price": 143218.93, "tid": 15366670, "type": "buy"}
{"amount": 0.00049638, "date": 1690937539, "price": 143278.33, "tid": 15366671, "type": "buy"}
{"amount": 0.00361122, "date": 1690937557, "price": 143209.80004368, "tid": 15366672, "type": "sell"}
{"amount": 0.02923812, "date": 1690937613, "price": 143278.33, "tid": 15366673, "type": "buy"}
{"amount": 6.84e-05, "date": 1690937692, "price": 143278.33, "tid": 15366674, "type": "buy"}
{"amount": 0.000672, "date": 1690937888, "price": 143278.32999999, "tid": 15366675, "type": "sell"}
{"amount": 0.00034202, "date": 1690937960, "price": 143278.33, "tid": 15366676, "type": "buy"}
{"amount": 2.071e-05, "date": 1690938021, "price": 143278.32999999, "tid": 15366677, "type": "sell"}
{"amount": 0.00171496, "date": 1690938022, "price": 143278.33, "tid": 15366678, "type": "buy"}
{"amount": 1.069e-05, "date": 1690938032, "price": 143278.32999999, "tid": 15366679, "type": "sell"}
{"amount": 0.00333, "date": 1690938083, "price": 143278.32999999, "tid": 15366680, "type": "sell"}
{"amount": 0.02455, "date": 1690938104, "price": 143278.33, "tid": 15366681, "type": "buy"}
{"amount": 0.00693063, "date": 1690938116, "price": 143278.33, "tid": 15366682, "type": "buy"}
{"amount": 0.00250641, "date": 1690938123, "price": 143278.33, "tid": 15366683, "type": "buy"}
{"amount": 0.0066, "date": 1690938139, "price": 143205.12515559, "tid": 15366684, "type": "buy"}
{"amount": 1.823e-05, "date": 1690938140, "price": 143205.14654365, "tid": 15366685, "type": "sell"}
{"amount": 0.0063, "date": 1690938144, "price": 143205.14654366, "tid": 15366686, "type": "buy"}
{"amount": 0.00862062, "date": 1690938217, "price": 143278.32999999, "tid": 15366687, "type": "sell"}
{"amount": 9.563e-05, "date": 1690938257, "price": 143278.33, "tid": 15366688, "type": "buy"}
{"amount": 0.00034897, "date": 1690938273, "price": 143278.33, "tid": 15366689, "type": "buy"}
{"amount": 0.00069103, "date": 1690938289, "price": 143278.33, "tid": 15366690, "type": "buy"}
{"amount": 0.12077876, "date": 1690938302, "price": 143278.33, "tid": 15366691, "type": "buy"}
{"amount": 0.00171497, "date": 1690938315, "price": 143300, "tid": 15366692, "type": "buy"}
{"amount": 0.00352467, "date": 1690938326, "price": 143322.56256646, "tid": 15366693, "type": "sell"}
{"amount": 0.00010683, "date": 1690938328, "price": 143360, "tid": 15366694, "type": "buy"}
{"amount": 0.00116808, "date": 1690938328, "price": 143437.26, "tid": 15366695, "type": "buy"}
{"amount": 0.00061966, "date": 1690938375, "price": 143380.5971901, "tid": 15366696, "type": "sell"}
{"amount": 0.00068937, "date": 1690938396, "price": 143492.4, "tid": 15366697, "type": "buy"}
{"amount": 9.395e-05, "date": 1690938411, "price": 143472.66707036, "tid": 15366698, "type": "sell"}
{"amount": 0.00931063, "date": 1690938414, "price": 143492.4, "tid": 15366699, "type": "buy"}
{"amount": 0.001, "date": 1690938427, "price": 143501.999999, "tid": 15366700, "type": "buy"}
{"amount": 0.0071, "date": 1690938460, "price": 143568.60875064, "tid": 15366701, "type": "buy"}
{"amount": 0.0066, "date": 1690938483, "price": 143569.53624109, "tid": 15366702, "type": "buy"}
{"amount": 0.007, "date": 1690938484, "price": 143570.83934356, "tid": 15366703, "type": "buy"}
{"amount": 0.0063, "date": 1690938489, "price": 143570.84659853, "tid": 15366704, "type": "buy"}
{"amount": 3.377e-05, "date": 1690938503, "price": 143593.83601184, "tid": 15366705, "type": "buy"}
{"amount": 3.539e-05, "date": 1690938528, "price": 143600.8380797, "tid": 15366706, "type": "buy"}
{"amount": 0.00072563, "date": 1690938544, "price": 143600.8380797, "tid": 15366707, "type": "buy"}
{"amount": 0.00154956, "date": 1690938544, "price": 143609.48, "tid": 15366708, "type": "buy"}
{"amount": 0.00015347, "date": 1690938553, "price": 143681.7, "tid": 15366709, "type": "buy"}
{"amount": 6.96e-05, "date": 1690938587, "price": 143681.69999999, "tid": 15366710, "type": "sell"}
{"amount": 0.00040927, "date": 1690938610, "price": 143681.7, "tid": 15366711, "type": "buy"}
{"amount": 0.00200517, "date": 1690938625, "price": 143681.69999999, "tid": 15366712, "type": "sell"}
{"amount": 0.00344546, "date": 1690938627, "price": 143681.7, "tid": 15366713, "type": "buy"}
{"amount": 0.00021571, "date": 1690938670, "price": 143730.7671484, "tid": 15366714, "type": "sell"}
{"amount": 0.00062622, "date": 1690938684, "price": 143751.99999899, "tid": 15366715, "type": "sell"}
{"amount": 0.0009973, "date": 1690938685, "price": 143751.999999, "tid": 15366716, "type": "buy"}
{"amount": 0.00040663, "date": 1690938698, "price": 143940.41, "tid": 15366717, "type": "buy"}
{"amount": 0.00034045, "date": 1690938728, "price": 143940.40999999, "tid": 15366718, "type": "buy"}
{"amount": 0.00105929, "date": 1690938778, "price": 143940.41, "tid": 15366719, "type": "buy"}
{"amount": 0.00116935, "date": 1690938778, "price": 143940.41, "tid": 15366720, "type": "buy"}
{"amount": 3.369e-05, "date": 1690938807, "price": 143940.41, "tid": 15366721, "type": "buy"}
{"amount": 0.006, "date": 1690938827, "price": 143900.55574137, "tid": 15366722, "type": "buy"}
{"amount": 0.0051, "date": 1690938834, "price": 143902.81190969, "tid": 15366723, "type": "buy"}
{"amount": 0.01522856, "date": 1690938845, "price": 143903.39988124, "tid": 15366724, "type": "sell"}
{"amount": 0.005, "date": 1690938852, "price": 143903.25477064, "tid": 15366725, "type": "sell"}
{"amount": 0.00695341, "date": 1690938890, "price": 143814.18, "tid": 15366726, "type": "buy"}
{"amount": 0.00024339, "date": 1690938895, "price": 143814.17999999, "tid": 15366727, "type": "sell"}
{"amount": 0.00066076, "date": 1690938911, "price": 143814.17999999, "tid": 15366728, "type": "sell"}
{"amount": 0.05562733, "date": 1690938930, "price": 143814.18, "tid": 15366729, "type": "buy"}
{"amount": 1.266e-05, "date": 1690938940, "price": 143866.82999999, "tid": 15366730, "type": "sell"}
{"amount": 0.00344102, "date": 1690938952, "price": 143866.83, "tid": 15366731, "type": "buy"}
{"amount": 8.856e-05, "date": 1690939004, "price": 143866.83, "tid": 15366732, "type": "buy"}
{"amount": 0.0074, "date": 1690939007, "price": 143866.82999999, "tid": 15366733, "type": "sell"}
{"amount": 0.00027253, "date": 1690939065, "price": 143850.96569919, "tid": 15366734, "type": "buy"}
{"amount": 0.0105, "date": 1690939071, "price": 143866.82999999, "tid": 15366735, "type": "buy"}
{"amount": 0.03119953, "date": 1690939071, "price": 143866.83, "tid": 15366736, "type": "buy"}
{"amount": 0.00013628, "date": 1690939091, "price": 143829.48, "tid": 15366737, "type": "buy"}
{"amount": 0.00694089, "date": 1690939099, "price": 143829.47999999, "tid": 15366738, "type": "sell"}
{"amount": 0.00173816, "date": 1690939182, "price": 143829.48, "tid": 15366739, "type": "buy"}
{"amount": 0.03329786, "date": 1690939209, "price": 143901.42, "tid": 15366740, "type": "buy"}
{"amount": 0.0007141, "date": 1690939270, "price": 143940.41, "tid": 15366741, "type": "buy"}
{"amount": 0.01, "date": 1690939271, "price": 143955.77, "tid": 15366742, "type": "buy"}
{"amount": 0.00091052, "date": 1690939279, "price": 143971.39, "tid": 15366743, "type": "buy"}
{"amount": 0.0015506, "date": 1690939317, "price": 143961.54676794, "tid": 15366744, "type": "sell"}
{"amount": 0.00061899, "date": 1690939348, "price": 143971.38999999, "tid": 15366745, "type": "sell"}
{"amount": 1.416e-05, "date": 1690939361, "price": 143971.39, "tid": 15366746, "type": "buy"}
{"amount": 2.113e-05, "date": 1690939381, "price": 143971.38999999, "tid": 15366747, "type": "sell"}
{"amount": 6e-05, "date": 1690939384, "price": 143971.38999999, "tid": 15366748, "type": "sell"}
{"amount": 8.89e-06, "date": 1690939400, "price": 143971.39, "tid": 15366749, "type": "buy"}
{"amount": 0.00343853, "date": 1690939426, "price": 143971.39, "tid": 15366750, "type": "buy"}
{"amount": 0.0056279, "date": 1690939487, "price": 143971.39, "tid": 15366751, "type": "buy"}
{"amount": 0.00792543, "date": 1690939487, "price": 143996.65, "tid": 15366752, "type": "buy"}
{"amount": 0.00070885, "date": 1690939492, "price": 143935.35355002, "tid": 15366753, "type": "sell"}
{"amount": 5.766e-05, "date": 1690939507, "price": 143996.65, "tid": 15366754, "type": "buy"}
{"amount": 3.472e-05, "date": 1690939525, "price": 143971.39, "tid": 15366755, "type": "buy"}
{"amount": 0.0001042, "date": 1690939543, "price": 143971.38999999, "tid": 15366756, "type": "sell"}
{"amount": 6.807e-05, "date": 1690939561, "price": 143971.39, "tid": 15366757, "type": "buy"}
{"amount": 8.55e-06, "date": 1690939592, "price": 143971.39, "tid": 15366758, "type": "buy"}
{"amount": 0.00014866, "date": 1690939604, "price": 143971.39, "tid": 15366759, "type": "buy"}
{"amount": 0.00012271, "date": 1690939604, "price": 144000, "tid": 15366760, "type": "buy"}
{"amount": 0.00410486, "date": 1690939604, "price": 144000, "tid": 15366761, "type": "buy"}
{"amount": 0.00013612, "date": 1690939676, "price": 144000, "tid": 15366762, "type": "buy"}
{"amount": 3.637e-05, "date": 1690939689, "price": 144000, "tid": 15366763, "type": "buy"}
{"amount": 0.00335192, "date": 1690939741, "price": 143999.99999999, "tid": 15366764, "type": "sell"}
{"amount": 0.00152549, "date": 1690939771, "price": 143999.99999999, "tid": 15366765, "type": "sell"}
{"amount": 0.03296994, "date": 1690939777, "price": 144000, "tid": 15366766, "type": "buy"}
{"amount": 0.00025766, "date": 1690939777, "price": 144000, "tid": 15366767, "type": "buy"}
{"amount": 0.00034819, "date": 1690939777, "price": 144000, "tid": 15366768, "type": "buy"}
{"amount": 2.348e-05, "date": 1690939777, "price": 144000, "tid": 15366769, "type": "buy"}
{"amount": 0.06438884, "date": 1690939777, "price": 144000, "tid": 15366770, "type": "buy"}
{"amount": 0.00035, "date": 1690939777, "price": 144000, "tid": 15366771, "type": "buy"}
{"amount": 9.76e-06, "date": 1690939788, "price": 144012, "tid": 15366772, "type": "buy"}
{"amount": 0.09445638, "date": 1690939873, "price": 144012, "tid": 15366773, "type": "buy"}
{"amount": 0.00031116, "date": 1690939882, "price": 144088.05919826, "tid": 15366774, "type": "sell"}
{"amount": 0.00014272, "date": 1690939911, "price": 144142.05878777, "tid": 15366775, "type": "sell"}
{"amount": 1.102e-05, "date": 1690939934, "price": 144216.93, "tid": 15366776, "type": "buy"}
{"amount": 3e-05, "date": 1690939946, "price": 144183.08537198, "tid": 15366777, "type": "sell"}
{"amount": 9.01e-06, "date": 1690939960, "price": 144216.93, "tid": 15366778, "type": "buy"}
{"amount": 0.00013074, "date": 1690939998, "price": 144304.14999999, "tid": 15366779, "type": "sell"}
{"amount": 0.0009961, "date": 1690939998, "price": 144304.15, "tid": 15366780, "type": "buy"}
{"amount": 4.116e-05, "date": 1690940000, "price": 144304.14999999, "tid": 15366781, "type": "sell"}
{"amount": 6.789e-05, "date": 1690940002, "price": 144360, "tid": 15366782, "type": "buy"}
{"amount": 0.00085412, "date": 1690940060, "price": 144110.81691041, "tid": 15366783, "type": "sell"}
{"amount": 0.02, "date": 1690940060, "price": 144110.81691041, "tid": 15366784, "type": "sell"}
{"amount": 0.00021792, "date": 1690940151, "price": 144234.41, "tid": 15366785, "type": "buy"}
{"amount": 4.038e-05, "date": 1690940211, "price": 144138.52, "tid": 15366786, "type": "buy"}
{"amount": 0.00107535, "date": 1690940221, "price": 144138.52, "tid": 15366787, "type": "buy"}
{"amount": 0.08139373, "date": 1690940228, "price": 144054.23, "tid": 15366788, "type": "buy"}
{"amount": 0.08139373, "date": 1690940228, "price": 144054.23, "tid": 15366789, "type": "buy"}
{"amount": 2.082e-05, "date": 1690940241, "price": 144054.24, "tid": 15366790, "type": "buy"}
{"amount": 0.0069418, "date": 1690940316, "price": 143974.91999999, "tid": 15366791, "type": "sell"}
{"amount": 0.00068768, "date": 1690940350, "price": 143974.92, "tid": 15366792, "type": "buy"}
{"amount": 0.0083, "date": 1690940357, "price": 143958.2872618, "tid": 15366793, "type": "sell"}
{"amount": 0.00534121, "date": 1690940357, "price": 143940.63057017, "tid": 15366794, "type": "sell"}
{"amount": 6.229e-05, "date": 1690940383, "price": 143896.77, "tid": 15366795, "type": "buy"}
{"amount": 0.00150248, "date": 1690940391, "price": 143896.77, "tid": 15366796, "type": "buy"}
{"amount": 2.5e-05, "date": 1690940431, "price": 143868.76037492, "tid": 15366797, "type": "sell"}
{"amount": 3.163e-05, "date": 1690940487, "price": 143893.12961343, "tid": 15366798, "type": "sell"}
{"amount": 0.00207864, "date": 1690940554, "price": 143906.03339443, "tid": 15366799, "type": "buy"}
{"amount": 0.0075, "date": 1690940584, "price": 143816.34026458, "tid": 15366800, "type": "buy"}
{"amount": 0.06765353, "date": 1690940629, "price": 143841.71, "tid": 15366801, "type": "buy"}
{"amount": 0.00010223, "date": 1690940650, "price": 143802.00013655, "tid": 15366802, "type": "buy"}
{"amount": 4.901e-05, "date": 1690940666, "price": 143700.98944213, "tid": 15366803, "type": "sell"}
{"amount": 0.00028679, "date": 1690940721, "price": 143738.82, "tid": 15366804, "type": "buy"}
{"amount": 1.597e-05, "date": 1690940749, "price": 143738.81999999, "tid": 15366805, "type": "sell"}
{"amount": 2e-05, "date": 1690940750, "price": 143738.81999999, "tid": 15366806, "type": "sell"}
{"amount": 0.00036594, "date": 1690940774, "price": 143738.82, "tid": 15366807, "type": "buy"}
{"amount": 0.007, "date": 1690940837, "price": 143664.95644671, "tid": 15366808, "type": "buy"}
{"amount": 0.06257422, "date": 1690940837, "price": 143738.82, "tid": 15366809, "type": "buy"}
{"amount": 9.748e-05, "date": 1690940842, "price": 143645.91727077, "tid": 15366810, "type": "sell"}
{"amount": 0.0067, "date": 1690940842, "price": 143676.23622506, "tid": 15366811, "type": "buy"}
{"amount": 0.0018909, "date": 1690940898, "price": 143701.12, "tid": 15366812, "type": "sell"}
{"amount": 0.00059808, "date": 1690940939, "price": 143701.12000001, "tid": 15366813, "type": "buy"}
{"amount": 0.03478308, "date": 1690940941, "price": 143701.12, "tid": 15366814, "type": "sell"}
{"amount": 3.716e-05, "date": 1690940967, "price": 143582.8856995, "tid": 15366815, "type": "sell"}
{"amount": 6.75e-06, "date": 1690941005, "price": 143689.51729819, "tid": 15366816, "type": "buy"}
{"amount": 0.00482286, "date": 1690941016, "price": 143705.00985, "tid": 15366817, "type": "buy"}
{"amount": 0.00083861, "date": 1690941030, "price": 143705.00999999, "tid": 15366818, "type": "sell"}
{"amount": 3.375e-05, "date": 1690941099, "price": 143705.01, "tid": 15366819, "type": "buy"}
{"amount": 0.00051807, "date": 1690941230, "price": 143705.00995, "tid": 15366820, "type": "buy"}
{"amount": 0.00309724, "date": 1690941271, "price": 143705.00995, "tid": 15366821, "type": "buy"}
{"amount": 9.51e-06, "date": 1690941279, "price": 143705.01, "tid": 15366822, "type": "buy"}
{"amount": 0.0024198, "date": 1690941498, "price": 143623.37153227, "tid": 15366823, "type": "sell"}
{"amount": 0.0079, "date": 1690941518, "price": 143612.8375027, "tid": 15366824, "type": "sell"}
{"amount": 0.00532109, "date": 1690941571, "price": 143635.32989999, "tid": 15366825, "type": "buy"}
{"amount": 6.823e-05, "date": 1690941572, "price": 143635.32989999, "tid": 15366826, "type": "buy"}
{"amount": 0.00172332, "date": 1690941629, "price": 143631.87996627, "tid": 15366827, "type": "buy"}
{"amount": 0.02582559, "date": 1690941654, "price": 143502.46171636, "tid": 15366828, "type": "sell"}
{"amount": 0.0518048, "date": 1690941654, "price": 143500, "tid": 15366829, "type": "sell"}
{"amount": 7.092e-05, "date": 1690941689, "price": 143331.62228016, "tid": 15366830, "type": "sell"}
{"amount": 6.974e-05, "date": 1690941700, "price": 143382.71994999, "tid": 15366831, "type": "buy"}
{"amount": 0.00030761, "date": 1690941744, "price": 143373.54812664, "tid": 15366832, "type": "buy"}
{"amount": 0.00015494, "date": 1690941779, "price": 143270.02472672, "tid": 15366833, "type": "sell"}
{"amount": 0.05825623, "date": 1690941783, "price": 143285.42784033, "tid": 15366834, "type": "sell"}
{"amount": 5.77e-05, "date": 1690941853, "price": 143250.82201596, "tid": 15366835, "type": "sell"}
{"amount": 0.13600781, "date": 1690941903, "price": 143305.76, "tid": 15366836, "type": "buy"}
{"amount": 0.01741992, "date": 1690941923, "price": 143249.75100578, "tid": 15366837, "type": "sell"}
{"amount": 0.00177265, "date": 1690941923, "price": 143234.78103066, "tid": 15366838, "type": "sell"}
{"amount": 0.0083, "date": 1690941950, "price": 143307.33301056, "tid": 15366839, "type": "sell"}
{"amount": 0.01481976, "date": 1690941950, "price": 143284.78420028, "tid": 15366840, "type": "sell"}
{"amount": 0.00012391, "date": 1690942083, "price": 143477.99868834, "tid": 15366841, "type": "buy"}
{"amount": 0.00069021, "date": 1690942114, "price": 143448.51623622, "tid": 15366842, "type": "buy"}
{"amount": 0.00025678, "date": 1690942118, "price": 143356.78764001, "tid": 15366843, "type": "sell"}
{"amount": 0.00017018, "date": 1690942127, "price": 143456.30756306, "tid": 15366844, "type": "buy"}
{"amount": 0.02422332, "date": 1690942158, "price": 143477.4325806, "tid": 15366845, "type": "buy"}
{"amount": 0.00692085, "date": 1690942180, "price": 143479.29, "tid": 15366846, "type": "buy"}
{"amount": 0.01038156, "date": 1690942388, "price": 143475.53, "tid": 15366847, "type": "buy"}
{"amount": 0.00026354, "date": 1690942485, "price": 143427.62271954, "tid": 15366848, "type": "buy"}
{"amount": 5.922e-05, "date": 1690942576, "price": 143448.091392, "tid": 15366849, "type": "sell"}
{"amount": 0.0005716, "date": 1690942654, "price": 143472.80806551, "tid": 15366850, "type": "sell"}
{"amount": 0.007, "date": 1690942694, "price": 143448.88600828, "tid": 15366851, "type": "buy"}
{"amount": 0.00022072, "date": 1690942714, "price": 143450.75793, "tid": 15366852, "type": "sell"}
{"amount": 0.00022, "date": 1690942727, "price": 143472.81, "tid": 15366853, "type": "sell"}
{"amount": 6.867e-05, "date": 1690942859, "price": 143472.81, "tid": 15366854, "type": "sell"}
{"amount": 0.0075, "date": 1690943029, "price": 143564.45964385, "tid": 15366855, "type": "sell"}
{"amount": 0.00295313, "date": 1690943029, "price": 143546.62295001, "tid": 15366856, "type": "sell"}
{"amount": 0.00015061, "date": 1690943052, "price": 143539.33280156, "tid": 15366857, "type": "sell"}
{"amount": 3.897e-05, "date": 1690943065, "price": 143624.63999999, "tid": 15366858, "type": "buy"}
{"amount": 0.015, "date": 1690943112, "price": 143608.73142638, "tid": 15366859, "type": "buy"}
{"amount": 0.05414021, "date": 1690943112, "price": 143624.64, "tid": 15366860, "type": "buy"}
{"amount": 0.00087545, "date": 1690943190, "price": 143630.99, "tid": 15366861, "type": "buy"}
{"amount": 0.00182296, "date": 1690943225, "price": 143592.8358203, "tid": 15366862, "type": "sell"}
{"amount": 0.0082, "date": 1690943265, "price": 143592.79418806, "tid": 15366863, "type": "sell"}
{"amount": 0.00671481, "date": 1690943265, "price": 143540.0502, "tid": 15366864, "type": "sell"}
{"amount": 0.14776831, "date": 1690943281, "price": 143630.99, "tid": 15366865, "type": "buy"}
{"amount": 7.2e-05, "date": 1690943304, "price": 143598.59512638, "tid": 15366866, "type": "sell"}
{"amount": 0.00068851, "date": 1690943313, "price": 143653.71, "tid": 15366867, "type": "buy"}
{"amount": 0.00175891, "date": 1690943326, "price": 143567.99999999, "tid": 15366868, "type": "sell"}
{"amount": 0.00158272, "date": 1690943369, "price": 143568, "tid": 15366869, "type": "buy"}
{"amount": 7.079e-05, "date": 1690943430, "price": 143568, "tid": 15366870, "type": "buy"}
{"amount": 0.00089559, "date": 1690943538, "price": 143568, "tid": 15366871, "type": "buy"}
{"amount": 0.00151557, "date": 1690943617, "price": 143529.2, "tid": 15366872, "type": "sell"}
{"amount": 0.00196804, "date": 1690943661, "price": 143529.2, "tid": 15366873, "type": "sell"}
{"amount": 0.0056777, "date": 1690943661, "price": 143491.46855953, "tid": 15366874, "type": "sell"}
{"amount": 0.00021142, "date": 1690943671, "price": 143568, "tid": 15366875, "type": "buy"}
{"amount": 0.0145, "date": 1690943748, "price": 143476.69491718, "tid": 15366876, "type": "sell"}
{"amount": 0.0068, "date": 1690943781, "price": 143484.85892068, "tid": 15366877, "type": "sell"}
{"amount": 0.0004, "date": 1690943781, "price": 143481.68214, "tid": 15366878, "type": "sell"}
{"amount": 0.0073, "date": 1690943783, "price": 143481.68214001, "tid": 15366879, "type": "sell"}
{"amount": 0.00443431, "date": 1690943783, "price": 143481.68214, "tid": 15366880, "type": "sell"}
{"amount": 8.025e-05, "date": 1690943807, "price": 143501.11398356, "tid": 15366881, "type": "buy"}
{"amount": 0.00251133, "date": 1690943813, "price": 143472.81, "tid": 15366882, "type": "sell"}
{"amount": 0.00468867, "date": 1690943813, "price": 143432.63628121, "tid": 15366883, "type": "sell"}
{"amount": 0.0044, "date": 1690943851, "price": 143421.99776841, "tid": 15366884, "type": "sell"}
{"amount": 0.0064, "date": 1690943944, "price": 143437.46622001, "tid": 15366885, "type": "sell"}
{"amount": 0.01640073, "date": 1690943944, "price": 143437.46622, "tid": 15366886, "type": "sell"}
{"amount": 1.203e-05, "date": 1690944091, "price": 143441.81305993, "tid": 15366887, "type": "buy"}
{"amount": 0.02562566, "date": 1690944147, "price": 143413.37883913, "tid": 15366888, "type": "sell"}
{"amount": 0.01921925, "date": 1690944260, "price": 143407.13123, "tid": 15366889, "type": "sell"}
{"amount": 6.833e-05, "date": 1690944293, "price": 143434.21409673, "tid": 15366890, "type": "buy"}
{"amount": 0.00421856, "date": 1690944300, "price": 143364.23942727, "tid": 15366891, "type": "sell"}
{"amount": 0.0058, "date": 1690944342, "price": 143289.9824879, "tid": 15366892, "type": "sell"}
{"amount": 0.00958795, "date": 1690944342, "price": 143270.28841828, "tid": 15366893, "type": "sell"}
{"amount": 6.77e-06, "date": 1690944407, "price": 143264.51196894, "tid": 15366894, "type": "buy"}
{"amount": 0.0073, "date": 1690944479, "price": 143250.96910552, "tid": 15366895, "type": "buy"}
{"amount": 0.0079, "date": 1690944480, "price": 143261.28138988, "tid": 15366896, "type": "buy"}
{"amount": 0.00293165, "date": 1690944536, "price": 143139.63595937, "tid": 15366897, "type": "sell"}
{"amount": 0.0027647, "date": 1690944577, "price": 143248.53688065, "tid": 15366898, "type": "buy"}
{"amount": 3.383e-05, "date": 1690944614, "price": 143352.75487121, "tid": 15366899, "type": "buy"}
{"amount": 6.273e-05, "date": 1690944639, "price": 143338.96856348, "tid": 15366900, "type": "buy"}
{"amount": 0.0133, "date": 1690944692, "price": 143229.18288865, "tid": 15366901, "type": "sell"}
{"amount": 0.00016618, "date": 1690944692, "price": 143213.22199941, "tid": 15366902, "type": "sell"}
{"amount": 0.00062683, "date": 1690944708, "price": 143255.00362053, "tid": 15366903, "type": "sell"}
{"amount": 6.77e-06, "date": 1690944819, "price": 143222.63157127, "tid": 15366904, "type": "buy"}
{"amount": 0.01081083, "date": 1690944848, "price": 143149.24987852, "tid": 15366905, "type": "sell"}
{"amount": 0.00013428, "date": 1690944849, "price": 143150.60743228, "tid": 15366906, "type": "sell"}
{"amount": 0.00020959, "date": 1690944868, "price": 143151.97916046, "tid": 15366907, "type": "sell"}
{"amount": 0.0006005, "date": 1690944930, "price": 143149.42247225, "tid": 15366908, "type": "sell"}
{"amount": 6.88e-06, "date": 1690944962, "price": 143154.82857124, "tid": 15366909, "type": "sell"}
{"amount": 0.034755, "date": 1690945013, "price": 143142, "tid": 15366910, "type": "sell"}
{"amount": 8.146e-05, "date": 1690945023, "price": 143176.43601426, "tid": 15366911, "type": "buy"}
{"amount": 0.00130116, "date": 1690945053, "price": 143147.09569388, "tid": 15366912, "type": "sell"}
{"amount": 0.00190505, "date": 1690945078, "price": 143130.50583385, "tid": 15366913, "type": "sell"}
{"amount": 0.00435074, "date": 1690945130, "price": 143206.26722966, "tid": 15366914, "type": "buy"}
{"amount": 0.00014154, "date": 1690945161, "price": 143095.83828146, "tid": 15366915, "type": "sell"}
{"amount": 4.348e-05, "date": 1690945312, "price": 143064.6856804, "tid": 15366916, "type": "sell"}
{"amount": 0.0131, "date": 1690945327, "price": 143085.18621378, "tid": 15366917, "type": "sell"}
{"amount": 0.1083337, "date": 1690945327, "price": 143085.18621377, "tid": 15366918, "type": "sell"}
{"amount": 0.02379894, "date": 1690945423, "price": 143089.87286527, "tid": 15366919, "type": "sell"}
{"amount": 2.923e-05, "date": 1690945565, "price": 143002.1246267, "tid": 15366920, "type": "sell"}
{"amount": 6.853e-05, "date": 1690945825, "price": 143000.00000001, "tid": 15366921, "type": "buy"}
{"amount": 0.00072699, "date": 1690945827, "price": 143000.00000001, "tid": 15366922, "type": "buy"}
{"amount": 0.00687918, "date": 1690945873, "price": 143001.93053548, "tid": 15366923, "type": "sell"}
{"amount": 2.034e-05, "date": 1690945975, "price": 143019.01142264, "tid": 15366924, "type": "buy"}
{"amount": 5.67e-05, "date": 1690946026, "price": 143023.57822607, "tid": 15366925, "type": "buy"}
{"amount": 0.00063043, "date": 1690946082, "price": 143027.3325224, "tid": 15366926, "type": "buy"}
{"amount": 0.00694288, "date": 1690946136, "price": 143024.17060361, "tid": 15366927, "type": "buy"}
{"amount": 0.001, "date": 1690946153, "price": 143000, "tid": 15366928, "type": "sell"}
{"amount": 0.0046052, "date": 1690946153, "price": 142987.22521493, "tid": 15366929, "type": "sell"}
{"amount": 0.00172915, "date": 1690946436, "price": 143034.51815657, "tid": 15366930, "type": "buy"}
{"amount": 0.00017124, "date": 1690946520, "price": 143080.81974616, "tid": 15366931, "type": "buy"}
{"amount": 0.00034922, "date": 1690946760, "price": 143174.4058824, "tid": 15366932, "type": "buy"}
{"amount": 0.00028385, "date": 1690946767, "price": 142899.53005853, "tid": 15366933, "type": "sell"}
{"amount": 8.74e-06, "date": 1690946769, "price": 142923.05329203, "tid": 15366934, "type": "buy"}
{"amount": 0.00069248, "date": 1690946914, "price": 142978.84681435, "tid": 15366935, "type": "buy"}
{"amount": 0.00013589, "date": 1690946914, "price": 142949.6190908, "tid": 15366936, "type": "buy"}
{"amount": 1.521e-05, "date": 1690947275, "price": 142791.42845577, "tid": 15366937, "type": "buy"}
{"amount": 0.00121834, "date": 1690947562, "price": 142628.56945741, "tid": 15366938, "type": "sell"}
{"amount": 2.455e-05, "date": 1690947617, "price": 142594.7229678, "tid": 15366939, "type": "buy"}
{"amount": 3.626e-05, "date": 1690947644, "price": 142829.98602294, "tid": 15366940, "type": "buy"}
{"amount": 0.00011811, "date": 1690947769, "price": 142811.72239359, "tid": 15366941, "type": "buy"}
{"amount": 7.446e-05, "date": 1690947788, "price": 142668.50558998, "tid": 15366942, "type": "buy"}
{"amount": 0.00013202, "date": 1690947911, "price": 142599.41915479, "tid": 15366943, "type": "sell"}
{"amount": 8.75e-06, "date": 1690948017, "price": 142565.29738078, "tid": 15366944, "type": "sell"}
{"amount": 0.00695816, "date": 1690948124, "price": 142710.13995, "tid": 15366945, "type": "buy"}
{"amount": 0.00367277, "date": 1690948245, "price": 142500.00000001, "tid": 15366946, "type": "buy"}
{"amount": 0.00392723, "date": 1690948274, "price": 142500.00000001, "tid": 15366947, "type": "buy"}
{"amount": 0.01349361, "date": 1690948274, "price": 142502.1943026, "tid": 15366948, "type": "buy"}
{"amount": 0.002, "date": 1690948351, "price": 142500, "tid": 15366949, "type": "sell"}
{"amount": 0.0078, "date": 1690948528, "price": 142245.05493588, "tid": 15366950, "type": "buy"}
{"amount": 1.976e-05, "date": 1690948609, "price": 142297.00005, "tid": 15366951, "type": "sell"}
{"amount": 0.00021084, "date": 1690948680, "price": 142377.13155153, "tid": 15366952, "type": "buy"}
{"amount": 0.00450156, "date": 1690948773, "price": 142206.82236397, "tid": 15366953, "type": "sell"}
{"amount": 0.00355029, "date": 1690948809, "price": 142228.03, "tid": 15366954, "type": "buy"}
{"amount": 6.82e-06, "date": 1690948911, "price": 142228.03, "tid": 15366955, "type": "buy"}
{"amount": 0.016, "date": 1690949023, "price": 142132.88454846, "tid": 15366956, "type": "buy"}
{"amount": 0.001, "date": 1690949038, "price": 142113.62797803, "tid": 15366957, "type": "buy"}
{"amount": 0.00034478, "date": 1690949060, "price": 142134.1057174, "tid": 15366958, "type": "buy"}
{"amount": 0.00089763, "date": 1690949335, "price": 142177.78796087, "tid": 15366959, "type": "buy"}
{"amount": 6.894e-05, "date": 1690949502, "price": 142161.81439028, "tid": 15366960, "type": "buy"}
{"amount": 0.00333081, "date": 1690949558, "price": 142126.29752567, "tid": 15366961, "type": "buy"}
{"amount": 0.00014603, "date": 1690949775, "price": 142057, "tid": 15366962, "type": "buy"}
{"amount": 7.043e-05, "date": 1690949849, "price": 141947.08079761, "tid": 15366963, "type": "sell"}
{"amount": 0.00352, "date": 1690949857, "price": 141933.59834227, "tid": 15366964, "type": "buy"}
{"amount": 0.00031209, "date": 1690949896, "price": 141993.9138209, "tid": 15366965, "type": "sell"}
{"amount": 0.01408, "date": 1690950065, "price": 142057, "tid": 15366966, "type": "buy"}
{"amount": 0.00177828, "date": 1690950225, "price": 142057, "tid": 15366967, "type": "buy"}
{"amount": 0.00174172, "date": 1690950225, "price": 142136.09804427, "tid": 15366968, "type": "buy"}
{"amount": 0.00071137, "date": 1690950265, "price": 142024.54975301, "tid": 15366969, "type": "sell"}
{"amount": 0.00352, "date": 1690950349, "price": 142103.34959671, "tid": 15366970, "type": "buy"}
{"amount": 0.00308, "date": 1690950361, "price": 142103.34959671, "tid": 15366971, "type": "buy"}
{"amount": 0.00044, "date": 1690950361, "price": 142228.03, "tid": 15366972, "type": "buy"}
{"amount": 0.00352, "date": 1690950414, "price": 142228.02999999, "tid": 15366973, "type": "buy"}
{"amount": 0.00168267, "date": 1690950482, "price": 142228.03, "tid": 15366974, "type": "buy"}
{"amount": 0.00183733, "date": 1690950482, "price": 142246.1391173, "tid": 15366975, "type": "buy"}
{"amount": 0.00351, "date": 1690950529, "price": 142309.65608598, "tid": 15366976, "type": "buy"}
{"amount": 0.00351, "date": 1690950541, "price": 142309.65608598, "tid": 15366977, "type": "buy"}
{"amount": 0.00351, "date": 1690950554, "price": 142309.65608597, "tid": 15366978, "type": "buy"}
{"amount": 0.00351, "date": 1690950623, "price": 142349.60637219, "tid": 15366979, "type": "buy"}
{"amount": 0.00013768, "date": 1690950731, "price": 142370.79643136, "tid": 15366980, "type": "buy"}
{"amount": 0.00028818, "date": 1690950782, "price": 142234.65810279, "tid": 15366981, "type": "sell"}
{"amount": 0.00034404, "date": 1690950862, "price": 142439.24794914, "tid": 15366982, "type": "buy"}
{"amount": 0.00351, "date": 1690950876, "price": 142475.28136342, "tid": 15366983, "type": "buy"}
{"amount": 1.978e-05, "date": 1690950890, "price": 142532.99994999, "tid": 15366984, "type": "buy"}
{"amount": 0.0106, "date": 1690950895, "price": 142532.99994999, "tid": 15366985, "type": "buy"}
{"amount": 0.00343, "date": 1690950895, "price": 142532.99995, "tid": 15366986, "type": "buy"}
{"amount": 0.00266005, "date": 1690950923, "price": 142442.77123992, "tid": 15366987, "type": "sell"}
{"amount": 0.00026149, "date": 1690951005, "price": 142575.49598911, "tid": 15366988, "type": "buy"}
{"amount": 0.00021067, "date": 1690951153, "price": 142446.76911299, "tid": 15366989, "type": "sell"}
{"amount": 0.00277917, "date": 1690951229, "price": 142502.9110281, "tid": 15366990, "type": "buy"}
{"amount": 0.0243, "date": 1690951561, "price": 142346.82472651, "tid": 15366991, "type": "buy"}
{"amount": 0.0105, "date": 1690951561, "price": 142346.82472651, "tid": 15366992, "type": "buy"}
{"amount": 0.0052, "date": 1690951561, "price": 142346.82472651, "tid": 15366993, "type": "buy"}
{"amount": 0.00085, "date": 1690951882, "price": 142694.55999999, "tid": 15366994, "type": "sell"}
{"amount": 0.00078279, "date": 1690951882, "price": 142694.55999999, "tid": 15366995, "type": "sell"}
{"amount": 4.251e-05, "date": 1690952036, "price": 142617.02085772, "tid": 15366996, "type": "sell"}
{"amount": 0.00016129, "date": 1690952205, "price": 142618.45999999, "tid": 15366997, "type": "sell"}
{"amount": 0.00145, "date": 1690952423, "price": 142699.52999999, "tid": 15366998, "type": "sell"}
{"amount": 0.00023836, "date": 1690952710, "price": 142671.61999999, "tid": 15366999, "type": "sell"}
{"amount": 9.903e-05, "date": 1690953968, "price": 142701.31, "tid": 15367000, "type": "buy"}
{"amount": 6.8e-06, "date": 1690954277, "price": 142535.29, "tid": 15367001, "type": "buy"}
{"amount": 0.00015386, "date": 1690954337, "price": 142535.28999999, "tid": 15367002, "type": "sell"}
{"amount": 2.177e-05, "date": 1690954411, "price": 142535.29, "tid": 15367003, "type": "buy"}
{"amount": 0.00018978, "date": 1690954619, "price": 142535.29, "tid": 15367004, "type": "buy"}
{"amount": 1.028e-05, "date": 1690954822, "price": 142535.28999999, "tid": 15367005, "type": "sell"}
{"amount": 7.28e-06, "date": 1690954915, "price": 142535.29, "tid": 15367006, "type": "buy"}
{"amount": 0.00069463, "date": 1690955436, "price": 142535.29, "tid": 15367007, "type": "buy"}
{"amount": 0.24907974, "date": 1690955759, "price": 142535.29, "tid": 15367008, "type": "buy"}
{"amount": 0.25, "date": 1690956314, "price": 142621.14, "tid": 15367009, "type": "buy"}
{"amount": 1.02e-05, "date": 1690957904, "price": 142537.5, "tid": 15367010, "type": "buy"}
{"amount": 0.2499898, "date": 1690957930, "price": 142537.5, "tid": 15367011, "type": "buy"}
{"amount": 0.00041669, "date": 1690958026, "price": 142540.66999999, "tid": 15367012, "type": "sell"}
{"amount": 0.00017833, "date": 1690958084, "price": 142540.67, "tid": 15367013, "type": "buy"}
{"amount": 6.8e-06, "date": 1690958491, "price": 142540.67, "tid": 15367014, "type": "buy"}
{"amount": 0.24981487, "date": 1690958497, "price": 142540.67, "tid": 15367015, "type": "buy"}
{"amount": 9.7e-06, "date": 1690958541, "price": 142542.70999999, "tid": 15367016, "type": "sell"}
{"amount": 2.677e-05, "date": 1690958756, "price": 142547.02999999, "tid": 15367017, "type": "sell"}
{"amount": 1.286e-05, "date": 1690958909, "price": 142547.03, "tid": 15367018, "type": "buy"}
{"amount": 6.8e-06, "date": 1690958995, "price": 142547.03, "tid": 15367019, "type": "buy"}
{"amount": 0.01297817, "date": 1690959007, "price": 142547.03, "tid": 15367020, "type": "buy"}
{"amount": 0.00017565, "date": 1690959592, "price": 142327.52, "tid": 15367021, "type": "buy"}
{"amount": 0.00011699, "date": 1690959910, "price": 142327.52, "tid": 15367022, "type": "buy"}
{"amount": 0.25, "date": 1690960317, "price": 142450.17, "tid": 15367023, "type": "buy"}
{"amount": 0.25, "date": 1690960377, "price": 142480.47, "tid": 15367024, "type": "buy"}
{"amount": 0.25, "date": 1690960464, "price": 142500.44, "tid": 15367025, "type": "buy"}
{"amount": 0.04537446, "date": 1690960619, "price": 142573, "tid": 15367026, "type": "buy"}
{"amount": 0.0156, "date": 1690960803, "price": 142573.00999999, "tid": 15367027, "type": "sell"}
{"amount": 0.0084, "date": 1690960803, "price": 142573.00999999, "tid": 15367028, "type": "sell"}
{"amount": 0.0286, "date": 1690960803, "price": 142573.00999999, "tid": 15367029, "type": "sell"}
{"amount": 6.8e-06, "date": 1690961221, "price": 142569.87, "tid": 15367030, "type": "buy"}
{"amount": 6.8e-06, "date": 1690961252, "price": 142569.87, "tid": 15367031, "type": "buy"}
{"amount": 6.81e-06, "date": 1690961856, "price": 142419.02, "tid": 15367032, "type": "buy"}
{"amount": 6.81e-06, "date": 1690961877, "price": 142419.02, "tid": 15367033, "type": "buy"}
{"amount": 0.00015377, "date": 1690961880, "price": 142419.02, "tid": 15367034, "type": "buy"}
{"amount": 6.81e-06, "date": 1690961907, "price": 142419.02, "tid": 15367035, "type": "buy"}
{"amount": 6.81e-06, "date": 1690961922, "price": 142419.02, "tid": 15367036, "type": "buy"}
{"amount": 6.81e-06, "date": 1690961939, "price": 142419.02, "tid": 15367037, "type": "buy"}
{"amount": 7.26e-06, "date": 1690962389, "price": 142419.02, "tid": 15367038, "type": "buy"}
{"amount": 6.9e-06, "date": 1690962403, "price": 142457.62999999, "tid": 15367039, "type": "sell"}
{"amount": 7.02e-05, "date": 1690962627, "price": 142441.98, "tid": 15367040, "type": "buy"}
{"amount": 4.432e-05, "date": 1690963327, "price": 142247.54, "tid": 15367041, "type": "buy"}
{"amount": 1.071e-05, "date": 1690963547, "price": 142260.72912024, "tid": 15367042, "type": "sell"}
{"amount": 1.014e-05, "date": 1690963692, "price": 142467.1218784, "tid": 15367043, "type": "buy"}
{"amount": 0.0077, "date": 1690963940, "price": 142347.39512883, "tid": 15367044, "type": "sell"}
{"amount": 0.0151, "date": 1690963940, "price": 142318.19168467, "tid": 15367045, "type": "sell"}
{"amount": 0.0083, "date": 1690964115, "price": 142318.18999999, "tid": 15367046, "type": "sell"}
{"amount": 0.0079, "date": 1690964229, "price": 142202.74496778, "tid": 15367047, "type": "sell"}
{"amount": 0.15824735, "date": 1690964229, "price": 142191.95858646, "tid": 15367048, "type": "sell"}
{"amount": 0.0162, "date": 1690964328, "price": 142190.35500721, "tid": 15367049, "type": "sell"}
{"amount": 0.03395999, "date": 1690964344, "price": 142190.3550072, "tid": 15367050, "type": "sell"}
{"amount": 0.00333, "date": 1690964346, "price": 142190.3550072, "tid": 15367051, "type": "sell"}
{"amount": 0.03395999, "date": 1690964354, "price": 142190.3550072, "tid": 15367052, "type": "sell"}
{"amount": 0.0084, "date": 1690964396, "price": 142199.86158076, "tid": 15367053, "type": "sell"}
{"amount": 0.014, "date": 1690964396, "price": 142190.35500721, "tid": 15367054, "type": "sell"}
{"amount": 0.03395999, "date": 1690964474, "price": 142190.3550072, "tid": 15367055, "type": "sell"}
{"amount": 0.03395999, "date": 1690964484, "price": 142190.3550072, "tid": 15367056, "type": "sell"}
{"amount": 0.03395999, "date": 1690964494, "price": 142190.3550072, "tid": 15367057, "type": "sell"}
{"amount": 0.03395999, "date": 1690964514, "price": 142190.3550072, "tid": 15367058, "type": "sell"}
{"amount": 0.03395999, "date": 1690964524, "price": 142190.3550072, "tid": 15367059, "type": "sell"}
{"amount": 0.08670356, "date": 1690964527, "price": 142190.3550072, "tid": 15367060, "type": "sell"}
{"amount": 0.0071, "date": 1690964539, "price": 142164.93329691, "tid": 15367061, "type": "sell"}
{"amount": 0.00066157, "date": 1690964685, "price": 142118.69150554, "tid": 15367062, "type": "sell"}
{"amount": 0.00010042, "date": 1690964988, "price": 142156.15583473, "tid": 15367063, "type": "buy"}
{"amount": 0.00010067, "date": 1690965092, "price": 142000.02000001, "tid": 15367064, "type": "buy"}
{"amount": 0.00010067, "date": 1690965167, "price": 142000.02000001, "tid": 15367065, "type": "buy"}
{"amount": 0.00010059, "date": 1690965238, "price": 142079.96055164, "tid": 15367066, "type": "buy"}
{"amount": 0.00044784, "date": 1690965283, "price": 142081.00567166, "tid": 15367067, "type": "buy"}
{"amount": 0.0001006, "date": 1690965298, "price": 142099.15238868, "tid": 15367068, "type": "buy"}
{"amount": 0.00010046, "date": 1690965399, "price": 142254.04501862, "tid": 15367069, "type": "buy"}
{"amount": 0.05686938, "date": 1690965481, "price": 142208.27534744, "tid": 15367070, "type": "sell"}
{"amount": 0.00010045, "date": 1690965496, "price": 142324.81338556, "tid": 15367071, "type": "buy"}
{"amount": 1.1e-05, "date": 1690965555, "price": 142211.4455733, "tid": 15367072, "type": "sell"}
{"amount": 0.00010045, "date": 1690965588, "price": 142278.59473657, "tid": 15367073, "type": "buy"}
{"amount": 0.0001005, "date": 1690965683, "price": 142293.98730039, "tid": 15367074, "type": "buy"}
{"amount": 0.00010028, "date": 1690965764, "price": 142519.94089716, "tid": 15367075, "type": "buy"}
{"amount": 0.00010048, "date": 1690965843, "price": 142235.58705373, "tid": 15367076, "type": "buy"}
{"amount": 0.00104367, "date": 1690966256, "price": 142299.77840233, "tid": 15367077, "type": "buy"}
{"amount": 0.002993, "date": 1690966548, "price": 142245.81072613, "tid": 15367078, "type": "buy"}
{"amount": 0.00056425, "date": 1690966987, "price": 142137.31115044, "tid": 15367079, "type": "sell"}
{"amount": 0.00042359, "date": 1690967069, "price": 142169.22695202, "tid": 15367080, "type": "sell"}
{"amount": 6.757e-05, "date": 1690968082, "price": 142212.28978951, "tid": 15367081, "type": "sell"}
{"amount": 0.00036, "date": 1690968396, "price": 142068.08717614, "tid": 15367082, "type": "sell"}
{"amount": 0.00391013, "date": 1690968556, "price": 142115.57557914, "tid": 15367083, "type": "sell"}
{"amount": 0.00051693, "date": 1690968616, "price": 142199.75596059, "tid": 15367084, "type": "buy"}
{"amount": 3.412e-05, "date": 1690968662, "price": 142150.54962226, "tid": 15367085, "type": "buy"}
{"amount": 0.0076, "date": 1690968767, "price": 142035.21106989, "tid": 15367086, "type": "buy"}
{"amount": 0.0074, "date": 1690968800, "price": 142065.20690135, "tid": 15367087, "type": "buy"}
{"amount": 0.0083, "date": 1690968800, "price": 142115.74074018, "tid": 15367088, "type": "buy"}
{"amount": 0.00123708, "date": 1690968803, "price": 142065.37754736, "tid": 15367089, "type": "sell"}
{"amount": 0.001, "date": 1690968809, "price": 142085.77402367, "tid": 15367090, "type": "buy"}
{"amount": 0.0138, "date": 1690968814, "price": 142087.36139747, "tid": 15367091, "type": "buy"}
{"amount": 0.0013, "date": 1690968814, "price": 142122.84364881, "tid": 15367092, "type": "buy"}
{"amount": 0.001, "date": 1690968933, "price": 142199.02490311, "tid": 15367093, "type": "buy"}
{"amount": 0.00069639, "date": 1690969063, "price": 142174.15178702, "tid": 15367094, "type": "buy"}
{"amount": 6.91e-06, "date": 1690969196, "price": 142199.7559, "tid": 15367095, "type": "buy"}
{"amount": 4.097e-05, "date": 1690969196, "price": 142213.85829831, "tid": 15367096, "type": "buy"}
{"amount": 7.472e-05, "date": 1690969249, "price": 142160.80258009, "tid": 15367097, "type": "sell"}
{"amount": 0.0064, "date": 1690969534, "price": 142136.04888703, "tid": 15367098, "type": "buy"}
{"amount": 0.00757097, "date": 1690969534, "price": 142165.16965772, "tid": 15367099, "type": "buy"}
{"amount": 5.299e-05, "date": 1690969677, "price": 142225.38443981, "tid": 15367100, "type": "buy"}
{"amount": 4.501e-05, "date": 1690969718, "price": 142129.30370807, "tid": 15367101, "type": "sell"}
{"amount": 6.91e-06, "date": 1690970120, "price": 142237.3212, "tid": 15367102, "type": "buy"}
{"amount": 1.52e-06, "date": 1690970120, "price": 142237.3212, "tid": 15367103, "type": "buy"}
{"amount": 5.39e-06, "date": 1690970248, "price": 142237.3212, "tid": 15367104, "type": "buy"}
{"amount": 9.795e-05, "date": 1690970248, "price": 142251.93003458, "tid": 15367105, "type": "buy"}
{"amount": 6.889e-05, "date": 1690970337, "price": 142249.83187984, "tid": 15367106, "type": "buy"}
{"amount": 0.0184219, "date": 1690970419, "price": 142129.30370001, "tid": 15367107, "type": "sell"}
{"amount": 0.0007033, "date": 1690970424, "price": 142185.90123622, "tid": 15367108, "type": "buy"}
{"amount": 0.00106229, "date": 1690970593, "price": 142195.21895956, "tid": 15367109, "type": "sell"}
{"amount": 0.0012071, "date": 1690970632, "price": 142227.51428333, "tid": 15367110, "type": "buy"}
{"amount": 3e-05, "date": 1690970822, "price": 142129.30370001, "tid": 15367111, "type": "sell"}
{"amount": 0.00079803, "date": 1690970887, "price": 142150.83334608, "tid": 15367112, "type": "sell"}
{"amount": 0.13964656, "date": 1690970941, "price": 142216.17151212, "tid": 15367113, "type": "buy"}
{"amount": 0.00021758, "date": 1690970954, "price": 142207.3361489, "tid": 15367114, "type": "buy"}
{"amount": 0.01976061, "date": 1690970983, "price": 142211.67252544, "tid": 15367115, "type": "buy"}
{"amount": 2.2e-05, "date": 1690971105, "price": 142171.87357141, "tid": 15367116, "type": "sell"}
{"amount": 0.00102684, "date": 1690971234, "price": 142190.02861132, "tid": 15367117, "type": "sell"}
{"amount": 0.00284162, "date": 1690971949, "price": 142215.20805018, "tid": 15367118, "type": "sell"}
{"amount": 0.00105437, "date": 1690972246, "price": 142265.01959728, "tid": 15367119, "type": "buy"}
{"amount": 7.262e-05, "date": 1690972487, "price": 142233.04344018, "tid": 15367120, "type": "buy"}
{"amount": 2.401e-05, "date": 1690972532, "price": 142184.18677737, "tid": 15367121, "type": "sell"}
{"amount": 0.00043255, "date": 1690972656, "price": 142233.03999999, "tid": 15367122, "type": "sell"}
{"amount": 0.00067234, "date": 1690972822, "price": 142233.04, "tid": 15367123, "type": "buy"}
{"amount": 0.00295114, "date": 1690972869, "price": 142222.44283447, "tid": 15367124, "type": "sell"}
{"amount": 0.00018198, "date": 1690972873, "price": 142233.04, "tid": 15367125, "type": "buy"}
{"amount": 0.00248683, "date": 1690972873, "price": 142271.5780577, "tid": 15367126, "type": "buy"}
{"amount": 6.36e-05, "date": 1690972903, "price": 142289.57809077, "tid": 15367127, "type": "buy"}
{"amount": 0.0334, "date": 1690972966, "price": 142179.33224279, "tid": 15367128, "type": "buy"}
{"amount": 0.0131, "date": 1690972966, "price": 142179.33224279, "tid": 15367129, "type": "buy"}
{"amount": 2.089e-05, "date": 1690973013, "price": 142388.44480613, "tid": 15367130, "type": "sell"}
{"amount": 0.0051, "date": 1690973032, "price": 142502.93883004, "tid": 15367131, "type": "buy"}
{"amount": 0.00186805, "date": 1690973032, "price": 142519.94013017, "tid": 15367132, "type": "buy"}
{"amount": 8.162e-05, "date": 1690973245, "price": 142521.74519674, "tid": 15367133, "type": "buy"}
{"amount": 0.00096547, "date": 1690973486, "price": 142555.34323087, "tid": 15367134, "type": "buy"}
{"amount": 1.98e-05, "date": 1690973513, "price": 142550.24482723, "tid": 15367135, "type": "buy"}
{"amount": 0.00511819, "date": 1690973525, "price": 142549.11290924, "tid": 15367136, "type": "buy"}
{"amount": 0.0082, "date": 1690973775, "price": 142503.49026537, "tid": 15367137, "type": "sell"}
{"amount": 0.0163, "date": 1690973775, "price": 142474.30439664, "tid": 15367138, "type": "sell"}
{"amount": 0.042, "date": 1690973775, "price": 142438.69946428, "tid": 15367139, "type": "sell"}
{"amount": 0.0422219, "date": 1690973775, "price": 142368.25942736, "tid": 15367140, "type": "sell"}
{"amount": 0.0109, "date": 1690973822, "price": 142390.96749149, "tid": 15367141, "type": "sell"}
{"amount": 0.00139002, "date": 1690973911, "price": 142457.76361821, "tid": 15367142, "type": "buy"}
{"amount": 0.00017192, "date": 1690973935, "price": 142518.46231359, "tid": 15367143, "type": "buy"}
{"amount": 0.0069, "date": 1690974033, "price": 142395.16441494, "tid": 15367144, "type": "sell"}
{"amount": 0.00105696, "date": 1690974033, "price": 142365.95759233, "tid": 15367145, "type": "sell"}
{"amount": 0.03, "date": 1690974060, "price": 142356.23854303, "tid": 15367146, "type": "sell"}
{"amount": 0.001, "date": 1690974156, "price": 142452.00000001, "tid": 15367147, "type": "sell"}
{"amount": 6.89e-06, "date": 1690974222, "price": 142557.6299, "tid": 15367148, "type": "buy"}
{"amount": 4.509e-05, "date": 1690974222, "price": 142571.38920994, "tid": 15367149, "type": "buy"}
{"amount": 0.00400145, "date": 1690974286, "price": 142461, "tid": 15367150, "type": "sell"}
{"amount": 0.00017097, "date": 1690974301, "price": 142461, "tid": 15367151, "type": "sell"}
{"amount": 0.00314387, "date": 1690974408, "price": 142461, "tid": 15367152, "type": "sell"}
{"amount": 0.00158718, "date": 1690974411, "price": 142461, "tid": 15367153, "type": "sell"}
{"amount": 0.0126174, "date": 1690974416, "price": 142461, "tid": 15367154, "type": "sell"}
{"amount": 0.00069497, "date": 1690974824, "price": 142465, "tid": 15367155, "type": "buy"}
{"amount": 0.01357645, "date": 1690974962, "price": 142461, "tid": 15367156, "type": "sell"}
{"amount": 0.0074, "date": 1690974962, "price": 142403.84891981, "tid": 15367157, "type": "sell"}
{"amount": 0.00475394, "date": 1690974962, "price": 142374.64398285, "tid": 15367158, "type": "sell"}
{"amount": 0.00426601, "date": 1690975208, "price": 142281, "tid": 15367159, "type": "sell"}
{"amount": 0.22683912, "date": 1690975258, "price": 142281, "tid": 15367160, "type": "sell"}
{"amount": 0.03899999, "date": 1690975269, "price": 142244, "tid": 15367161, "type": "sell"}
{"amount": 0.00043457, "date": 1690975326, "price": 142244, "tid": 15367162, "type": "sell"}
{"amount": 0.0069769, "date": 1690975369, "price": 142326.78591442, "tid": 15367163, "type": "buy"}
{"amount": 0.00019, "date": 1690975388, "price": 142253.73369939, "tid": 15367164, "type": "sell"}
{"amount": 0.00069569, "date": 1690975419, "price": 142317.11815112, "tid": 15367165, "type": "buy"}
{"amount": 0.00035133, "date": 1690975485, "price": 142314.26121579, "tid": 15367166, "type": "buy"}
{"amount": 0.00131397, "date": 1690975515, "price": 142276.94230072, "tid": 15367167, "type": "sell"}
{"amount": 0.01622853, "date": 1690975527, "price": 142245.5220407, "tid": 15367168, "type": "sell"}
{"amount": 0.00034433, "date": 1690975530, "price": 142317.42413428, "tid": 15367169, "type": "buy"}
{"amount": 0.00273847, "date": 1690975638, "price": 142245.41848759, "tid": 15367170, "type": "sell"}
{"amount": 0.00241815, "date": 1690975835, "price": 142277.45575595, "tid": 15367171, "type": "buy"}
{"amount": 8.866e-05, "date": 1690975873, "price": 142211.00000001, "tid": 15367172, "type": "sell"}
{"amount": 8.609e-05, "date": 1690975927, "price": 142291.56774267, "tid": 15367173, "type": "buy"}
{"amount": 0.00039001, "date": 1690975950, "price": 142214.27752935, "tid": 15367174, "type": "sell"}
{"amount": 0.00048157, "date": 1690975955, "price": 142465, "tid": 15367175, "type": "buy"}
{"amount": 0.0002, "date": 1690975992, "price": 142213.16645635, "tid": 15367176, "type": "sell"}
{"amount": 0.00561541, "date": 1690976023, "price": 142465, "tid": 15367177, "type": "buy"}
{"amount": 0.0005083, "date": 1690976092, "price": 142202, "tid": 15367178, "type": "sell"}
{"amount": 0.0006957, "date": 1690976183, "price": 142315.15064731, "tid": 15367179, "type": "buy"}
{"amount": 0.00034443, "date": 1690976201, "price": 142276.01746355, "tid": 15367180, "type": "buy"}
{"amount": 0.00013215, "date": 1690976275, "price": 142181.22518014, "tid": 15367181, "type": "sell"}
{"amount": 1.125e-05, "date": 1690976297, "price": 142225.57756425, "tid": 15367182, "type": "buy"}
{"amount": 3.177e-05, "date": 1690976339, "price": 142241.36603993, "tid": 15367183, "type": "buy"}
{"amount": 2.811e-05, "date": 1690976472, "price": 142277, "tid": 15367184, "type": "buy"}
{"amount": 0.00017785, "date": 1690976483, "price": 142277, "tid": 15367185, "type": "buy"}
{"amount": 0.0013779, "date": 1690976483, "price": 142370.71265721, "tid": 15367186, "type": "buy"}
{"amount": 0.00034397, "date": 1690976659, "price": 142465, "tid": 15367187, "type": "buy"}
{"amount": 0.00011252, "date": 1690976712, "price": 142279.23338403, "tid": 15367188, "type": "sell"}
{"amount": 0.03512986, "date": 1690976745, "price": 142329.04186433, "tid": 15367189, "type": "buy"}
{"amount": 0.03964346, "date": 1690976825, "price": 142227.16978122, "tid": 15367190, "type": "sell"}
{"amount": 0.00029812, "date": 1690976889, "price": 142214.81174713, "tid": 15367191, "type": "sell"}
{"amount": 0.0006956, "date": 1690977246, "price": 142337.04329228, "tid": 15367192, "type": "buy"}
{"amount": 0.00142956, "date": 1690977385, "price": 142326.75401484, "tid": 15367193, "type": "buy"}
{"amount": 0.0141, "date": 1690977426, "price": 142370.31470564, "tid": 15367194, "type": "buy"}
{"amount": 0.02076865, "date": 1690977426, "price": 142405.89765334, "tid": 15367195, "type": "buy"}
{"amount": 0.00386408, "date": 1690977484, "price": 142465, "tid": 15367196, "type": "buy"}
{"amount": 0.00470333, "date": 1690977484, "price": 142507.60796091, "tid": 15367197, "type": "buy"}
{"amount": 0.0077, "date": 1690977560, "price": 142437.28386153, "tid": 15367198, "type": "sell"}
{"amount": 0.01480262, "date": 1690977560, "price": 142408.08034521, "tid": 15367199, "type": "sell"}
{"amount": 0.00027583, "date": 1690977582, "price": 142380.90186646, "tid": 15367200, "type": "sell"}
{"amount": 8.309e-05, "date": 1690977584, "price": 142381.63603322, "tid": 15367201, "type": "sell"}
{"amount": 0.0061, "date": 1690977597, "price": 142454.84069264, "tid": 15367202, "type": "buy"}
{"amount": 0.00086993, "date": 1690977597, "price": 142568.26952721, "tid": 15367203, "type": "buy"}
{"amount": 0.0020348, "date": 1690977597, "price": 142519.52556057, "tid": 15367204, "type": "buy"}
{"amount": 0.00105186, "date": 1690977658, "price": 142603.48840656, "tid": 15367205, "type": "buy"}
{"amount": 0.00010538, "date": 1690978022, "price": 142176, "tid": 15367206, "type": "sell"}
{"amount": 0.00013767, "date": 1690978072, "price": 142376.21580231, "tid": 15367207, "type": "buy"}
{"amount": 0.00074317, "date": 1690978073, "price": 142391.38912932, "tid": 15367208, "type": "buy"}
{"amount": 0.00526726, "date": 1690978344, "price": 142388.86715594, "tid": 15367209, "type": "buy"}
{"amount": 0.0077, "date": 1690978437, "price": 142349.91000001, "tid": 15367210, "type": "sell"}
{"amount": 0.00070249, "date": 1690978437, "price": 142349.91, "tid": 15367211, "type": "sell"}
{"amount": 0.007, "date": 1690978526, "price": 142270.63802399, "tid": 15367212, "type": "sell"}
{"amount": 0.0035131, "date": 1690978533, "price": 142324.10380873, "tid": 15367213, "type": "buy"}
{"amount": 0.00105415, "date": 1690978543, "price": 142293.58450816, "tid": 15367214, "type": "buy"}
{"amount": 9.34e-06, "date": 1690978549, "price": 142233.97535127, "tid": 15367215, "type": "sell"}
{"amount": 0.008, "date": 1690978592, "price": 142248.90845796, "tid": 15367216, "type": "sell"}
{"amount": 0.00030796, "date": 1690978611, "price": 142176, "tid": 15367217, "type": "sell"}
{"amount": 0.00139208, "date": 1690978618, "price": 142247.29527102, "tid": 15367218, "type": "buy"}
{"amount": 0.02719204, "date": 1690978634, "price": 142176, "tid": 15367219, "type": "sell"}
{"amount": 0.00662796, "date": 1690978640, "price": 142175.99999999, "tid": 15367220, "type": "sell"}
{"amount": 0.0072, "date": 1690978652, "price": 142152.4696537, "tid": 15367221, "type": "sell"}
{"amount": 0.00411163, "date": 1690978652, "price": 142129.30370001, "tid": 15367222, "type": "sell"}
{"amount": 0.0082, "date": 1690978680, "price": 142157.50057298, "tid": 15367223, "type": "sell"}
{"amount": 0.00578924, "date": 1690978680, "price": 142129.30370001, "tid": 15367224, "type": "sell"}
{"amount": 7.28e-06, "date": 1690978737, "price": 142129.3037, "tid": 15367225, "type": "sell"}
{"amount": 7.28e-06, "date": 1690978737, "price": 142129.3037, "tid": 15367226, "type": "sell"}
{"amount": 9.625e-05, "date": 1690978737, "price": 142042, "tid": 15367227, "type": "sell"}
{"amount": 0.00015649, "date": 1690978741, "price": 142154.95820219, "tid": 15367228, "type": "sell"}
{"amount": 4.401e-05, "date": 1690978753, "price": 142174.34563822, "tid": 15367229, "type": "buy"}
{"amount": 0.0012437, "date": 1690978901, "price": 142093.23917834, "tid": 15367230, "type": "sell"}
{"amount": 0.00716682, "date": 1690978909, "price": 142068, "tid": 15367231, "type": "sell"}
{"amount": 0.0007114, "date": 1690979101, "price": 142002, "tid": 15367232, "type": "sell"}
{"amount": 0.007, "date": 1690979130, "price": 142092.67664394, "tid": 15367233, "type": "buy"}
{"amount": 0.0163, "date": 1690979130, "price": 142121.85332295, "tid": 15367234, "type": "buy"}
{"amount": 0.00074316, "date": 1690979205, "price": 142100, "tid": 15367235, "type": "buy"}
{"amount": 0.00581569, "date": 1690979306, "price": 142100, "tid": 15367236, "type": "buy"}
{"amount": 0.00043415, "date": 1690979348, "price": 142100, "tid": 15367237, "type": "buy"}
{"amount": 0.0066, "date": 1690979348, "price": 142121.6862346, "tid": 15367238, "type": "buy"}
{"amount": 0.0151, "date": 1690979348, "price": 142150.81419041, "tid": 15367239, "type": "buy"}
{"amount": 0.00580806, "date": 1690979348, "price": 142186.33613256, "tid": 15367240, "type": "buy"}
{"amount": 0.00069707, "date": 1690979456, "price": 142036.76, "tid": 15367241, "type": "buy"}
{"amount": 0.00069648, "date": 1690979545, "price": 142155.90999999, "tid": 15367242, "type": "buy"}
{"amount": 3.483e-05, "date": 1690979567, "price": 142147.01946514, "tid": 15367243, "type": "sell"}
{"amount": 0.0034719, "date": 1690979595, "price": 142308.14508034, "tid": 15367244, "type": "buy"}
{"amount": 0.02108101, "date": 1690979644, "price": 142308.14508034, "tid": 15367245, "type": "buy"}
{"amount": 7.028e-05, "date": 1690979662, "price": 142306.39047979, "tid": 15367246, "type": "sell"}
{"amount": 0.0083, "date": 1690979666, "price": 142305.44403352, "tid": 15367247, "type": "sell"}
{"amount": 0.0163, "date": 1690979666, "price": 142276.2334694, "tid": 15367248, "type": "sell"}
{"amount": 0.01787319, "date": 1690979666, "price": 142240.73508376, "tid": 15367249, "type": "sell"}
{"amount": 0.00141991, "date": 1690979676, "price": 142235.98632046, "tid": 15367250, "type": "sell"}
{"amount": 0.00211229, "date": 1690979732, "price": 142194.35534425, "tid": 15367251, "type": "sell"}
{"amount": 0.00014056, "date": 1690979743, "price": 142283.82017117, "tid": 15367252, "type": "buy"}
{"amount": 0.0079, "date": 1690979764, "price": 142284.78432314, "tid": 15367253, "type": "sell"}
{"amount": 0.0148, "date": 1690979764, "price": 142255.63192522, "tid": 15367254, "type": "sell"}
{"amount": 0.01749889, "date": 1690979764, "price": 142220.0690318, "tid": 15367255, "type": "sell"}
{"amount": 0.00062934, "date": 1690979804, "price": 142372.39092186, "tid": 15367256, "type": "buy"}
{"amount": 0.0073, "date": 1690979906, "price": 142158.24152472, "tid": 15367257, "type": "buy"}
{"amount": 0.0167, "date": 1690979906, "price": 142187.37238846, "tid": 15367258, "type": "buy"}
{"amount": 0.01475364, "date": 1690979906, "price": 142260.81954646, "tid": 15367259, "type": "buy"}
{"amount": 0.00173897, "date": 1690980064, "price": 142339.22580452, "tid": 15367260, "type": "buy"}
{"amount": 0.0003518, "date": 1690980223, "price": 142086.59784794, "tid": 15367261, "type": "sell"}
{"amount": 0.00138795, "date": 1690980444, "price": 142000, "tid": 15367262, "type": "sell"}
{"amount": 0.0071, "date": 1690980444, "price": 141951.1139819, "tid": 15367263, "type": "sell"}
{"amount": 0.00035284, "date": 1690980512, "price": 141922.05999999, "tid": 15367264, "type": "sell"}
{"amount": 8.807e-05, "date": 1690980519, "price": 141922.05999999, "tid": 15367265, "type": "sell"}
{"amount": 7.67e-06, "date": 1690980527, "price": 141922.05999999, "tid": 15367266, "type": "sell"}
{"amount": 0.008, "date": 1690980748, "price": 141906.33420453, "tid": 15367267, "type": "sell"}
{"amount": 0.00082952, "date": 1690980748, "price": 141861, "tid": 15367268, "type": "sell"}
{"amount": 0.08082773, "date": 1690980748, "price": 141860, "tid": 15367269, "type": "sell"}
{"amount": 0.0143, "date": 1690980991, "price": 141949.2724024, "tid": 15367270, "type": "buy"}
{"amount": 0.0416, "date": 1690980991, "price": 141984.7173746, "tid": 15367271, "type": "buy"}
{"amount": 0.00704138, "date": 1690980991, "price": 142097.13383957, "tid": 15367272, "type": "buy"}
{"amount": 2.079e-05, "date": 1690981053, "price": 141941.16696397, "tid": 15367273, "type": "sell"}
{"amount": 0.03966729, "date": 1690981071, "price": 141841, "tid": 15367274, "type": "sell"}
{"amount": 0.00781403, "date": 1690981096, "price": 141841, "tid": 15367275, "type": "sell"}
{"amount": 6.898e-05, "date": 1690981168, "price": 142083.57280788, "tid": 15367276, "type": "buy"}
{"amount": 5.555e-05, "date": 1690981202, "price": 142055.00689646, "tid": 15367277, "type": "buy"}
{"amount": 4.65e-05, "date": 1690981216, "price": 142065.76697866, "tid": 15367278, "type": "buy"}
{"amount": 0.00069684, "date": 1690981244, "price": 142083.34017087, "tid": 15367279, "type": "buy"}
{"amount": 3.591e-05, "date": 1690981244, "price": 142083.34017087, "tid": 15367280, "type": "buy"}
{"amount": 0.00487761, "date": 1690981369, "price": 142092.09353585, "tid": 15367281, "type": "buy"}
{"amount": 0.0072, "date": 1690981403, "price": 142000.54979917, "tid": 15367282, "type": "sell"}
{"amount": 0.0156, "date": 1690981403, "price": 141971.4897467, "tid": 15367283, "type": "sell"}
{"amount": 0.10301631, "date": 1690981403, "price": 141898, "tid": 15367284, "type": "sell"}
{"amount": 0.0084, "date": 1690981430, "price": 141958.21098652, "tid": 15367285, "type": "sell"}
{"amount": 0.03587856, "date": 1690981430, "price": 141893.78507404, "tid": 15367286, "type": "sell"}
{"amount": 0.00041386, "date": 1690981509, "price": 142088.15931412, "tid": 15367287, "type": "buy"}
{"amount": 0.00020808, "date": 1690981513, "price": 141917.89628627, "tid": 15367288, "type": "buy"}
{"amount": 4.757e-05, "date": 1690981541, "price": 141914.27446074, "tid": 15367289, "type": "buy"}
{"amount": 0.00034491, "date": 1690981549, "price": 142079.40301636, "tid": 15367290, "type": "buy"}
{"amount": 0.02773034, "date": 1690981559, "price": 141816.24374584, "tid": 15367291, "type": "sell"}
{"amount": 0.04256536, "date": 1690981559, "price": 141816.2376458, "tid": 15367292, "type": "sell"}
{"amount": 0.00043177, "date": 1690981559, "price": 141816.23154576, "tid": 15367293, "type": "sell"}
{"amount": 0.00013812, "date": 1690981612, "price": 141912.16296746, "tid": 15367294, "type": "buy"}
{"amount": 6.904e-05, "date": 1690981614, "price": 141947.88675014, "tid": 15367295, "type": "buy"}
{"amount": 0.00034521, "date": 1690981699, "price": 141956.03320688, "tid": 15367296, "type": "buy"}
{"amount": 0.006, "date": 1690981706, "price": 141890.28929887, "tid": 15367297, "type": "sell"}
{"amount": 0.0045554, "date": 1690981706, "price": 141834.00430305, "tid": 15367298, "type": "sell"}
{"amount": 0.00352579, "date": 1690981728, "price": 141812, "tid": 15367299, "type": "sell"}
{"amount": 0.05983291, "date": 1690981728, "price": 141787.51452274, "tid": 15367300, "type": "sell"}
{"amount": 8.868e-05, "date": 1690981770, "price": 141788.29566484, "tid": 15367301, "type": "buy"}
{"amount": 0.1049047, "date": 1690981777, "price": 141986.00528581, "tid": 15367302, "type": "buy"}
{"amount": 0.00327354, "date": 1690981780, "price": 141717.66404002, "tid": 15367303, "type": "sell"}
{"amount": 4.036e-05, "date": 1690981907, "price": 141755.00005, "tid": 15367304, "type": "sell"}
{"amount": 5.637e-05, "date": 1690981941, "price": 141802.22473314, "tid": 15367305, "type": "buy"}
{"amount": 0.00016167, "date": 1690982019, "price": 141686.24956166, "tid": 15367306, "type": "sell"}
{"amount": 0.00279427, "date": 1690982081, "price": 141732.6480371, "tid": 15367307, "type": "buy"}
{"amount": 0.00219954, "date": 1690982102, "price": 141793.72760693, "tid": 15367308, "type": "buy"}
{"amount": 1.347e-05, "date": 1690982190, "price": 141848.90025914, "tid": 15367309, "type": "buy"}
{"amount": 0.00261659, "date": 1690982211, "price": 141897.05463031, "tid": 15367310, "type": "buy"}
{"amount": 6.904e-05, "date": 1690982272, "price": 141940.84876, "tid": 15367311, "type": "buy"}
{"amount": 6.902e-05, "date": 1690982315, "price": 141993.15046562, "tid": 15367312, "type": "buy"}
{"amount": 0.00020724, "date": 1690982325, "price": 141875.57915644, "tid": 15367313, "type": "buy"}
{"amount": 0.01032855, "date": 1690982392, "price": 141806, "tid": 15367314, "type": "sell"}
{"amount": 3.42e-05, "date": 1690982399, "price": 141806.00000001, "tid": 15367315, "type": "buy"}
{"amount": 7.962e-05, "date": 1690982445, "price": 141806.00000001, "tid": 15367316, "type": "buy"}
{"amount": 1.136e-05, "date": 1690982508, "price": 141702.96146154, "tid": 15367317, "type": "buy"}
{"amount": 0.0081, "date": 1690982581, "price": 141594.16005001, "tid": 15367318, "type": "buy"}
{"amount": 0.0162, "date": 1690982581, "price": 141594.16005001, "tid": 15367319, "type": "buy"}
{"amount": 0.00013353, "date": 1690982608, "price": 141594.17, "tid": 15367320, "type": "sell"}
